<!DOCTYPE html><html lang="en" style="height:100%"><head><meta name="viewport" content="width=device-width, initial-scale=1.0, maximum-scale=1.0, user-scalable=no"/><meta charSet="utf-8"/><meta name="msapplication-TileColor" content="#ffffff"/><meta name="msapplication-TileImage" content="/ms-icon-144x144.png"/><meta name="theme-color" content="#ffffff"/><meta name="google-site-verification" content="q08ypUHCATsFe7plRQ46X4FFX4Ql-UpQMWaXAcr5yFA"/><link rel="canonical" href="https://mamaearth.in/"/><script type="application/ld+json">{"@context":"https://schema.org","@type":"WebSite","url":"https://mamaearth.in","potentialAction":[{"@type":"SearchAction","target":"https://mamaearth.in/search?q={search_term_string}","query-input":"required name=search_term_string"}]}</script><meta property="og:image:width" content="800"/><meta property="og:image:height" content="800"/><meta property="og:image:secure_url" content="https://st-images.honasa.in/mobile_wt_2798fb005a.jpg"/><meta name="twitter:card" content="summary"/><meta name="twitter:image" content="https://st-images.honasa.in/mobile_wt_2798fb005a.jpg"/><title>Mamaearth Sale is Live! Buy 3 Products at 899</title><meta name="robots" content="index,follow"/><meta name="description" content="Mamaearth Sale is Live on toxin-free skin,hair,baby and makeup range.Add 3 Products to Cart and Apply the Code GET3 to buy 3 Products at Flat 899"/><meta property="og:title" content="Mamaearth Sale is Live! Buy 3 Products at 899"/><meta property="og:description" content="Mamaearth Sale is Live on toxin-free skin,hair,baby and makeup range.Add 3 Products to Cart and Apply the Code GET3 to buy 3 Products at Flat 899"/><meta property="og:url" content="https://mamaearth.in/"/><meta property="og:type" content="website"/><meta property="og:image" content="https://images.mamaearth.in/logo/stores/1/logo.jpg"/><meta property="og:locale" content="en_US"/><meta property="og:site_name" content="Mamaearth | Official Website"/><meta name="keywords" content="mamaearth. mama earth, Mamaearth products, mamaearth honasa, mama earth, mamaarth product, mama earth products list, does mamaearth products work for oily skin, is mama earth products are good, mama earth ka product, mama earth ke product, mama product, mamaearth cosmetics review, mamaearth products list"/><meta http-equiv="x-ua-compatible" content="IE=edge; chrome=1"/><meta name="twitter:title" content="Mamaearth Sale is Live! Buy 3 Products at 899"/><meta name="twitter:description" content="Mamaearth Sale is Live on toxin-free skin,hair,baby and makeup range.Add 3 Products to Cart and Apply the Code GET3 to buy 3 Products at Flat 899"/><script type="application/ld+json">{"@context":"https://schema.org","@type":"Organization","name":"Mamaearth","Description":"Buy Mamaearth's Natural &amp; Toxin Free Skin Care Products Online. Only Toxin Free Madesafe Certified Brand In India. Visit Now!. Free Shipping.","url":"https://mamaearth.in/","Logo":"https://images.mamaearth.in/wysiwyg/Mamaearth_Goodness_Inside.png?format=auto&w=250","sameAs":["https://www.linkedin.com/company/mama-earth-in/","https://twitter.com/mamaearthindia","https://www.youtube.com/channel/UC5qhqSIcahBKKMEdLPFqeVA","https://www.facebook.com/Mamaearthindia/","https://in.pinterest.com/mamaearthindia/_created/","https://www.instagram.com/mamaearth.in/"],"Founder":[{"@type":"Person","name":"Ghazal Alagh, Varun Alagh"}],"foundingDate":"2016","contactPoint":[{"@type":"ContactPoint","telephone":"+91-8901555444","contactType":"customer service","email":"support@mamaearth.in"}],"Address":{"type":"PostalAddress","streetAddress":"Capital Cyberscape 11th Floor,Sector-59, Ullahwas","addressLocality":"Gurgaon","addressRegion":"Haryana","postalCode":"122102","addressCountry":"IN"}}</script><script type="application/ld+json">{"@context":"http://schema.org","@type":"VideoObject","name":"Goodness is in the little choices we make everyday | Mamaearth | Goodness Inside","description":"Goodness is not a superpower, nor a special gift! Goodness is in the little choices we make every day to make the world a better place.  Just like we make the choice of bringing you the best of nature with no chemicals, being plastic positive and being cruelty-free!  That is our #GoodnessInside!  Find out more here - www.mamaearth.in","thumbnailUrl":"https://i.ytimg.com/vi/YROZybuYGUE/default.jpg","uploadDate":"2020-07-10T04:16:45Z","duration":"PT1M","embedUrl":"https://www.youtube.com/embed/YROZybuYGUE ","interactionCount":"7453265"}</script><meta name="next-head-count" content="30"/><link rel="shortcut icon" href="https://images.mamaearth.in/wysiwyg/cropped-Favicon-2-150x150.png"/><link rel="apple-touch-icon" href="/apple-touch-icon.png"/><link rel="preconnect" href="https://fonts.gstatic.com"/><link rel="preconnect" href="https://np-assets.mamaearth.in"/><link rel="preconnect" href="https://st-images.honasa.in"/><link rel="preconnect" href="https://images.ctfassets.net"/><link rel="preconnect" href="https://images.mamaearth.in"/><link rel="preconnect" href="https://assets.mamaearth.in"/><link rel="preconnect" href="https://www.googletagmanager.com"/><link rel="preconnect" href="https://www.google-analytics.com"/><link rel="preload" href="https://fonts.gstatic.com/s/opensans/v35/memtYaGs126MiZpBA-UFUIcVXSCEkx2cmqvXlWqWuU6FxZCJgg.woff2" as="font" type="font/woff2" crossorigin="anonymous"/><link rel="preload" href="https://fonts.gstatic.com/s/opensans/v35/memvYaGs126MiZpBA-UvWbX2vVnXBbObj2OVTS-mu0SC55I.woff2" as="font" type="font/woff2" crossorigin="anonymous"/><style data-styled="hLFsOk kHFJXi iWTeof jRhvdb iJpZOI iBLIeq edrZqW ioJazy bFHdpU fVKbxB biyYQT ddwEYu kVSTZj gxqRUD grDjeK dimBhZ cPlVXv jNwXbb exgkHx gKcgTu iKBhhg iApJMV dFnzHs hgUZfJ mJOOh gkXUGa dpbCbv dtWmqV  erOyyR eAZFtZ iihPHF dzDxtL jkQjQC iFpqSx bdiRyf dIfajg keRCOE dBBKqE irSdyn cRnDjq hcVEsv kXUXop hBjOzE eSyTlS lpnJni jCXbba knfgmI exhaRH fTBrUP hObbWj iaAHMR hZbswG kLIeeU dAKVvn kYnodd ffzrGJ kllRwb egTVPT gfmmMn iSmaQk gCenij kWuotG fIGDcx beoSbI glfsbG jxCHUp jAvQgi" data-styled-version="4.4.1">
/* sc-component-id: sc-bdVaJa */
.ioJazy{list-style-type:none;}
/* sc-component-id: sc-htpNat */
.iWTeof{display:-webkit-box;display:-webkit-flex;display:-ms-flexbox;display:flex;-webkit-flex-direction:column;-ms-flex-direction:column;flex-direction:column;-webkit-box-pack:initial;-webkit-justify-content:initial;-ms-flex-pack:initial;justify-content:initial;-webkit-align-items:space-between;-webkit-box-align:space-between;-ms-flex-align:space-between;align-items:space-between;-webkit-flex-wrap:wrap;-ms-flex-wrap:wrap;flex-wrap:wrap;}.jRhvdb{display:-webkit-box;display:-webkit-flex;display:-ms-flexbox;display:flex;-webkit-flex-direction:column;-ms-flex-direction:column;flex-direction:column;-webkit-box-pack:initial;-webkit-justify-content:initial;-ms-flex-pack:initial;justify-content:initial;-webkit-align-items:initial;-webkit-box-align:initial;-ms-flex-align:initial;align-items:initial;-webkit-flex-wrap:wrap;-ms-flex-wrap:wrap;flex-wrap:wrap;}.iJpZOI{display:-webkit-box;display:-webkit-flex;display:-ms-flexbox;display:flex;-webkit-flex-direction:row;-ms-flex-direction:row;flex-direction:row;-webkit-box-pack:initial;-webkit-justify-content:initial;-ms-flex-pack:initial;justify-content:initial;-webkit-align-items:initial;-webkit-box-align:initial;-ms-flex-align:initial;align-items:initial;-webkit-flex-wrap:wrap;-ms-flex-wrap:wrap;flex-wrap:wrap;}.iBLIeq{display:-webkit-box;display:-webkit-flex;display:-ms-flexbox;display:flex;-webkit-flex-direction:row;-ms-flex-direction:row;flex-direction:row;-webkit-box-pack:justify;-webkit-justify-content:space-between;-ms-flex-pack:justify;justify-content:space-between;-webkit-align-items:initial;-webkit-box-align:initial;-ms-flex-align:initial;align-items:initial;-webkit-flex-wrap:wrap;-ms-flex-wrap:wrap;flex-wrap:wrap;}.edrZqW{display:-webkit-box;display:-webkit-flex;display:-ms-flexbox;display:flex;-webkit-flex-direction:row;-ms-flex-direction:row;flex-direction:row;-webkit-box-pack:center;-webkit-justify-content:center;-ms-flex-pack:center;justify-content:center;-webkit-align-items:initial;-webkit-box-align:initial;-ms-flex-align:initial;align-items:initial;-webkit-flex-wrap:wrap;-ms-flex-wrap:wrap;flex-wrap:wrap;}
/* sc-component-id: sc-bxivhb */
.hLFsOk{min-height:40.31px;background-color:#F04438;color:#fff;padding-left:2vw;padding-right:2vw;font-size:0.8rem;background-repeat:no-repeat;background-size:100% 100%;} .hLFsOk .showOnMobile{display:block;line-height:1.44rem !important;background:#1D1D1D;font-size:1rem;text-align:center;margin:0;background-color:#F04438;background-repeat:no-repeat;background-size:100% 100%;} .hLFsOk .link-color{color:#fff;} .hLFsOk ul{display:none;} @media only screen and (min-width:768px){.hLFsOk{min-height:27.68px;}.hLFsOk .showOnMobile{display:none;}.hLFsOk ul{display:-webkit-box;display:-webkit-flex;display:-ms-flexbox;display:flex;-webkit-box-pack:justify;-webkit-justify-content:space-between;-ms-flex-pack:justify;justify-content:space-between;padding-top:4px;padding-bottom:4px;}.hLFsOk ul li p{margin-top:0px;margin-bottom:0px;}.hLFsOk ul li a{padding-left:10px;padding-right:10px;}.hLFsOk ul li a:hover{color:#fff;-webkit-text-decoration:underline;text-decoration:underline;}.hLFsOk ul li .searchContainer{display:inline-block;padding-left:10px;}.hLFsOk a{color:#fff;display:inline-block;}}.kHFJXi{background-color:#F04438;color:#fff;padding-left:2vw;padding-right:2vw;font-size:0.8rem;background-repeat:no-repeat;background-size:100% 100%;} .kHFJXi .showOnMobile{display:block;line-height:1.44rem !important;background:#1D1D1D;font-size:1rem;text-align:center;margin:0;background-color:#F04438;background-repeat:no-repeat;background-size:100% 100%;} .kHFJXi .link-color{color:#fff;} .kHFJXi ul{display:none;} @media only screen and (min-width:768px){.kHFJXi{min-height:27.68px;}.kHFJXi .showOnMobile{display:none;}.kHFJXi ul{display:-webkit-box;display:-webkit-flex;display:-ms-flexbox;display:flex;-webkit-box-pack:justify;-webkit-justify-content:space-between;-ms-flex-pack:justify;justify-content:space-between;padding-top:4px;padding-bottom:4px;}.kHFJXi ul li p{margin-top:0px;margin-bottom:0px;}.kHFJXi ul li a{padding-left:10px;padding-right:10px;}.kHFJXi ul li a:hover{color:#fff;-webkit-text-decoration:underline;text-decoration:underline;}.kHFJXi ul li .searchContainer{display:inline-block;padding-left:10px;}.kHFJXi a{color:#fff;display:inline-block;}}
/* sc-component-id: sc-EHOje */
.cPlVXv{cursor:pointer;} .cPlVXv .cart-icon svg{color:#00AFEF;width:18px;height:18px;} .cPlVXv .cart-icon svg{stroke-width:1.8px;} .cPlVXv .cart-icon .path-selector{fill:#00AFEF;} .cPlVXv .item-count{position:absolute;top:-2px;right:-6px;width:14px;height:13px;display:grid;place-items:center;border-radius:50%;text-align:center;font-size:0.65rem;font-weight:500;line-height:1.2em;color:#fff;background:#00AFEF;} .cPlVXv .display-1024{display:none !important;} @media only screen and (min-width:1024px){.cPlVXv .item-count{top:0px;right:-6px;font-size:0.6rem;}.cPlVXv .cart-icon svg{width:20px;height:20px;}.cPlVXv .display-1024{color:#00AFEF;}.cPlVXv .display-1024 svg{width:20px;height:20px;}} @media only screen and (min-width:1400px){.cPlVXv .cart-icon svg{width:22px;height:22px;}.cPlVXv .display-1024 svg{width:22px;height:22px;}}
/* sc-component-id: sc-bZQynM */
.dimBhZ{display:grid;-webkit-align-items:center;-webkit-box-align:center;-ms-flex-align:center;align-items:center;grid-template-columns:auto auto;grid-column-gap:0.5rem;cursor:pointer;} .dimBhZ .icon-label{display:none;} .dimBhZ .cart-icon-container{position:relative;} .dimBhZ.isLoggedIn .hide-1024{position:relative;} .dimBhZ.isLoggedIn .hide-1024::after{position:absolute;top:-3px;right:2px;content:"";width:5px;height:5px;background-color:#00AFEF;border-radius:5px;} @media only screen and (min-width:411px){.dimBhZ{grid-column-gap:0.75rem;}} @media only screen and (min-width:480px){.dimBhZ{grid-column-gap:1rem;}} @media screen and (min-width:1024px){.dimBhZ{grid-column-gap:0.5rem;}.dimBhZ .icon-label{display:revert;padding-top:3px;font-size:0.875rem;line-height:1.4em;color:#505050;}.dimBhZ .display-1024{display:inline-block !important;}.dimBhZ .hide-1024,.dimBhZ.isLoggedIn .display-1024:not(.isLoggedIn),.dimBhZ:not(.isLoggedIn) .display-1024.isLoggedIn{display:none !important;}}
/* sc-component-id: sc-gzVnrw */
.grDjeK{display:grid;grid-template-columns:auto auto;grid-column-gap:1.25rem;} .grDjeK .cart-trigger{grid-area:1 / 1;} @media only screen and (min-width:1024px){.grDjeK .cart-trigger{grid-area:1 / 1;}.grDjeK .icon-label{text-transform:capitalize;}} @media only screen and (min-width:1200px){.grDjeK{grid-column-gap:2.5rem;}}
/* sc-component-id: sc-chPdSV */
.gxqRUD{position:relative;-webkit-transition:all 0.3s;transition:all 0.3s;} .gxqRUD:active{background-color:#00AFEF;} .gxqRUD:active svg{color:#fff;} .gxqRUD svg{stroke-width:2.5px;color:#00AFEF;} @media (min-width:1024px){.gxqRUD{display:none;}}
/* sc-component-id: sc-kGXeez */
.mJOOh{font-size:1rem;font-weight:500;line-height:1.4em;color:#1D1D1D;}
/* sc-component-id: sc-kpOJdX */
.hgUZfJ{margin:0;font-size:0.9rem;font-weight:400;line-height:1.2em;color:#1D1D1D;}
/* sc-component-id: sc-dxgOiQ */
.dFnzHs{font-size:1rem;font-weight:500;line-height:1.4em;color:#1D1D1D;}
/* sc-component-id: sc-ckVGcZ */
.iApJMV{padding-right:2rem;display:-webkit-box;display:-webkit-flex;display:-ms-flexbox;display:flex;-webkit-flex-direction:column;-ms-flex-direction:column;flex-direction:column;white-space:nowrap;} .iApJMV:not(:first-child){border-left:1px solid #DCDCDC;padding-left:1.25rem;}
/* sc-component-id: sc-jKJlTe */
.gkXUGa{padding-right:2rem;display:-webkit-box;display:-webkit-flex;display:-ms-flexbox;display:flex;-webkit-flex-direction:column;-ms-flex-direction:column;flex-direction:column;white-space:nowrap;} .gkXUGa:not(:first-child){border-left:1px solid #DCDCDC;padding-left:1.25rem;}
/* sc-component-id: sc-eNQAEJ */
.iKBhhg{-webkit-transition:all 0.3s;transition:all 0.3s;cursor:default;visibility:hidden;opacity:0;position:absolute;top:calc(100% + 0.4rem);left:50%;content:"";-webkit-transform:translateX(-27%);-ms-transform:translateX(-27%);transform:translateX(-27%);display:-webkit-box;display:-webkit-flex;display:-ms-flexbox;display:flex;-webkit-align-items:flex-start;-webkit-box-align:flex-start;-ms-flex-align:flex-start;align-items:flex-start;padding:1.25rem 1.5rem 1.25rem;background:#fff 0% 0% no-repeat padding-box;box-shadow:0px 8px 16px #A3A3A3;border-top:2px solid #00AFEF;} .iKBhhg .sc-kGXeez.active{color:#00AFEF;} .iKBhhg .sc-kpOJdX{margin-top:1rem;color:#727272;font-size:0.8rem;font-weight:500;text-transform:capitalize;} .iKBhhg .sc-kpOJdX:active,.iKBhhg .sc-kpOJdX.active{color:#00AFEF;} .iKBhhg .sc-kpOJdX:hover:not(.active){color:#505050;} .iKBhhg .view-all-link{color:#00AFEF;font-size:0.9rem;font-weight:500;line-height:1.4em;}
/* sc-component-id: sc-hMqMXs */
@media only screen and (max-width:768px){.gKcgTu{display:none;}} @media only screen and (min-width:1024px){.gKcgTu{display:block;}} .gKcgTu ul.mainMenu{list-style-type:none;display:-webkit-box;display:-webkit-flex;display:-ms-flexbox;display:flex;height:100%;-webkit-align-items:center;-webkit-box-align:center;-ms-flex-align:center;align-items:center;} .gKcgTu ul.mainMenu li.category{position:relative;} .gKcgTu ul.mainMenu li.category:not(:last-child){margin-right:2.2rem;} .gKcgTu ul.mainMenu li.category > a{color:rgb(92,92,92);font-size:0.8rem;font-weight:700;text-transform:uppercase;} .gKcgTu ul.mainMenu li.category > a.active{color:#00AFEF;} .gKcgTu li{cursor:pointer;} .gKcgTu li.category:hover > .sc-eNQAEJ{visibility:visible;opacity:1;} @media only screen and (min-width:1400px){.gKcgTu ul.mainMenu li:not(:last-child){margin-right:3rem;}}
/* sc-component-id: sc-kkGfuU */
.exgkHx{cursor:pointer;} .exgkHx .hide-1024{position:relative;} .exgkHx svg.user-account-icon{color:#00AFEF;width:18px;height:18px;} .exgkHx svg.user-account-icon{stroke-width:1.4px;} .exgkHx .display-1024{color:#00AFEF;} .exgkHx .display-1024 svg{width:22px;height:22px;}
/* sc-component-id: sc-iAyFgw */
.jNwXbb{display:grid;-webkit-align-items:center;-webkit-box-align:center;-ms-flex-align:center;align-items:center;grid-template-columns:auto auto;grid-column-gap:0.5rem;cursor:pointer;} .jNwXbb .login-dot{position:absolute;top:-3px;right:2px;content:"";width:5px;height:5px;display:inline-block;background-color:#00afef;border-radius:5px;} @media only screen and (min-width:411px){.jNwXbb{grid-column-gap:0.75rem;}} @media only screen and (min-width:480px){.jNwXbb{grid-column-gap:1rem;}} @media screen and (min-width:1024px){.jNwXbb{grid-column-gap:0.5rem;}.jNwXbb .icon-label{display:revert;padding-top:3px;font-size:0.875rem;line-height:1.4em;}.jNwXbb.user-account-trigger{position:relative;}.jNwXbb.user-account-trigger:hover > .desktop-dropdown{visibility:visible;}}
/* sc-component-id: sc-jWBwVP */
.egTVPT{width:100%;font-weight:600;font-size:14px;line-height:18px;-webkit-animation:slideUp 1s ease-out;animation:slideUp 1s ease-out;-webkit-animation:slideUp 1s ease-out;} .egTVPT .current-message{padding-top:8px;padding-bottom:8px;background:#59A30E;color:#ffffff;box-shadow:9px -4px 25px rgba(0,0,0,0.15);border-radius:16px 16px 0px 0px;-webkit-animation-name:fadeIn;animation-name:fadeIn;-webkit-animation-duration:0.5s;animation-duration:0.5s;-webkit-animation-name:fadeIn;-webkit-animation-duration:0.5s;display:-webkit-box;display:-webkit-flex;display:-ms-flexbox;display:flex;-webkit-box-pack:start;-webkit-justify-content:flex-start;-ms-flex-pack:start;justify-content:flex-start;padding-left:16px;padding-right:8px;-webkit-align-items:center;-webkit-box-align:center;-ms-flex-align:center;align-items:center;} .egTVPT .message{padding:4px 0px 0px 8px;} @-webkit-keyframes fadeIn{0%{opacity:0;}100%{opacity:1;}} @keyframes fadeIn{0%{opacity:0;}100%{opacity:1;}} @-webkit-keyframes fadeIn{.egTVPT 0%{opacity:0;}.egTVPT 100%{opacity:1;}} .egTVPT .next-message{padding-top:16px;padding-bottom:16px;box-shadow:9px -4px 25px rgba(0,0,0,0.15);border-radius:16px 16px 0px 0px;background:#EBF5E0;color:#1D1D1D;-webkit-animation-name:fadeIn;animation-name:fadeIn;-webkit-animation-duration:0.5s;animation-duration:0.5s;-webkit-animation-name:fadeIn;-webkit-animation-duration:0.5s;display:-webkit-box;display:-webkit-flex;display:-ms-flexbox;display:flex;-webkit-box-pack:start;-webkit-justify-content:flex-start;-ms-flex-pack:start;justify-content:flex-start;padding-left:16px;padding-right:16px;-webkit-align-items:center;-webkit-box-align:center;-ms-flex-align:center;align-items:center;} .egTVPT .wrapping-bar{-webkit-flex-direction:row;-ms-flex-direction:row;flex-direction:row;height:4px;border-radius:2px;background-color:#d7d7d7;width:100%;} .egTVPT .inside-bar{min-width:0px;max-width:100%;width:0;height:4px;background:linear-gradient(68.2deg,#88c04e 32.19%,#59a30e 68.19%), #ebf5df;border-radius:0px 5px 5px 0px;-webkit-transition:width 0.6s ease-in-out;transition:width 0.6s ease-in-out;-webkit-transition:width 0.6s ease-in-out;}.gfmmMn{width:100%;font-weight:600;font-size:14px;line-height:18px;-webkit-animation:slideUp 1s ease-out;animation:slideUp 1s ease-out;-webkit-animation:slideUp 1s ease-out;} .gfmmMn .current-message{padding-top:8px;padding-bottom:8px;background:#59A30E;color:#ffffff;box-shadow:9px -4px 25px rgba(0,0,0,0.15);border-radius:16px 16px 0px 0px;-webkit-animation-name:fadeIn;animation-name:fadeIn;-webkit-animation-duration:0.5s;animation-duration:0.5s;-webkit-animation-name:fadeIn;-webkit-animation-duration:0.5s;display:-webkit-box;display:-webkit-flex;display:-ms-flexbox;display:flex;-webkit-box-pack:start;-webkit-justify-content:flex-start;-ms-flex-pack:start;justify-content:flex-start;padding-left:16px;padding-right:8px;-webkit-align-items:center;-webkit-box-align:center;-ms-flex-align:center;align-items:center;} .gfmmMn .message{padding:4px 0px 0px 8px;} @-webkit-keyframes fadeIn{0%{opacity:0;}100%{opacity:1;}} @keyframes fadeIn{0%{opacity:0;}100%{opacity:1;}} @-webkit-keyframes fadeIn{.gfmmMn 0%{opacity:0;}.gfmmMn 100%{opacity:1;}} .gfmmMn .next-message{padding-top:8px;padding-bottom:8px;box-shadow:9px -4px 25px rgba(0,0,0,0.15);border-radius:16px 16px 0px 0px;background:#EBF5E0;color:#1D1D1D;-webkit-animation-name:fadeIn;animation-name:fadeIn;-webkit-animation-duration:0.5s;animation-duration:0.5s;-webkit-animation-name:fadeIn;-webkit-animation-duration:0.5s;display:-webkit-box;display:-webkit-flex;display:-ms-flexbox;display:flex;-webkit-box-pack:start;-webkit-justify-content:flex-start;-ms-flex-pack:start;justify-content:flex-start;padding-left:16px;padding-right:16px;-webkit-align-items:center;-webkit-box-align:center;-ms-flex-align:center;align-items:center;} .gfmmMn .wrapping-bar{-webkit-flex-direction:row;-ms-flex-direction:row;flex-direction:row;height:4px;border-radius:2px;background-color:#d7d7d7;width:100%;} .gfmmMn .inside-bar{min-width:0px;max-width:100%;width:0;height:4px;background:linear-gradient(68.2deg,#88c04e 32.19%,#59a30e 68.19%), #ebf5df;border-radius:0px 5px 5px 0px;-webkit-transition:width 0.6s ease-in-out;transition:width 0.6s ease-in-out;-webkit-transition:width 0.6s ease-in-out;}
/* sc-component-id: sc-brqgnP */
.kllRwb{background-color:#fff;border:1px solid #DCDCDC;width:100%;padding:10px;font-size:0.9rem;-webkit-appearance:none;-moz-appearance:none;appearance:none;border-radius:0;outline:none;} .kllRwb:focus{border:1px solid #00AFEF;}
/* sc-component-id: sc-cMljjf */
.gCenij{overflow:hidden;border-right:0.15em solid black;white-space:nowrap;-webkit-letter-spacing:0.1ch;-moz-letter-spacing:0.1ch;-ms-letter-spacing:0.1ch;letter-spacing:0.1ch;-webkit-animation:typing 4s steps(40,end) infinite, blink-caret 1.5s step-end infinite;animation:typing 4s steps(40,end) infinite, blink-caret 1.5s step-end infinite;} @-webkit-keyframes typing{0%{width:0;}50%{width:100%;}100%{width:0;}} @keyframes typing{0%{width:0;}50%{width:100%;}100%{width:0;}} @-webkit-keyframes blink-caret{from,to{border-color:transparent;}50%{border-color:black;}} @keyframes blink-caret{from,to{border-color:transparent;}50%{border-color:black;}}
/* sc-component-id: sc-jAaTju */
.ffzrGJ{padding:4px 0px 4px 5px;border:1px solid #E6E8E7;border-top-left-radius:4px;border-bottom-left-radius:4px;border-right:none;} @media (max-width:767px){.ffzrGJ{min-height:30px;}}
/* sc-component-id: sc-jDwBTQ */
.iSmaQk{border :1px solid #E6E8E7;border-radius:4px;border-left:none;border-top-left-radius:0px;border-bottom-left-radius:0px;width:100%;cursor:pointer;} .iSmaQk p{font-size:14px;margin:5px 10px 3px 10px;color:#333;} @media(max-width:768px){.iSmaQk{min-height:30px;}}
/* sc-component-id: sc-jlyJG */
.dpbCbv{position:fixed;left:0;bottom:0;width:100%;height:auto;-webkit-animation:slideUp 0.5s ease-out;animation:slideUp 0.5s ease-out;-webkit-animation:slideUp 0.5s ease-out;-webkit-animation:none;animation:none;-webkit-animation:none;} @-webkit-keyframes slideUp{0%{-webkit-transform:translateY(100%);-ms-transform:translateY(100%);transform:translateY(100%);-webkit-transform:translateY(100%);}100%{-webkit-transform:translateY(0);-ms-transform:translateY(0);transform:translateY(0);-webkit-transform:translateY(0);}} @keyframes slideUp{0%{-webkit-transform:translateY(100%);-ms-transform:translateY(100%);transform:translateY(100%);-webkit-transform:translateY(100%);}100%{-webkit-transform:translateY(0);-ms-transform:translateY(0);transform:translateY(0);-webkit-transform:translateY(0);}}
/* sc-component-id: sc-Rmtcm */
.biyYQT{box-shadow:0 4px 8px 0 rgb(0 0 0 / 10%);background-color:#fff;} .biyYQT .flex{display:-webkit-box;display:-webkit-flex;display:-ms-flexbox;display:flex;-webkit-align-items:center;-webkit-box-align:center;-ms-flex-align:center;align-items:center;-webkit-box-pack:justify;-webkit-justify-content:space-between;-ms-flex-pack:justify;justify-content:space-between;} .biyYQT .legacy{padding:0.3rem 0.5rem;display:-webkit-box;display:-webkit-flex;display:-ms-flexbox;display:flex;-webkit-box-pack:justify;-webkit-justify-content:space-between;-ms-flex-pack:justify;justify-content:space-between;-webkit-align-items:center;-webkit-box-align:center;-ms-flex-align:center;align-items:center;} .biyYQT .honasa-logo-wrapper{margin-right:auto;margin-left:0.25rem;} .biyYQT .mamacash-logo-wrapper{position:relative;margin-right:16px;} @media only screen and (min-width:768px){.biyYQT .mamacash-logo-wrapper{margin-right:24px;}.biyYQT .mamacash-logo-wrapper:hover .mamacash-dialog{visibility:visible;opacity:1;}} .biyYQT .mamacash-dialog{visibility:hidden;background-color:#FFEEC4;color:black;padding:16px;position:absolute;z-index:2;top:136%;right:-136%;opacity:0;-webkit-transition:opacity 0.3s;transition:opacity 0.3s;min-width:270px;font-size:12px;line-height:14px;font-weight:700;border:1px solid #FFD56C;border-radius:8px;} .biyYQT .mamacash-dialog .flex-wallet{display:-webkit-box;display:-webkit-flex;display:-ms-flexbox;display:flex;} .biyYQT .mamacash-dialog .login-cta{width:100%;background-color:#01AEEF;border-radius:4px;border:1px solid #01AEEF;color:#FFFFFF;padding:4px;margin-top:8px;text-align:center;} .biyYQT .mamacash-dialog::after,.biyYQT .mamacash-dialog::before{content:'';display:block;position:absolute;left:45%;width:0;height:0;border-style:solid;} .biyYQT .mamacash-dialog::after{top:-16px;left:45.5%;border-color:transparent transparent #FFEEC4 transparent;border-width:8px;} .biyYQT .mamacash-dialog::before{top:-18px;border-color:transparent transparent #FFD56C transparent;border-width:9px;} .biyYQT .mamacash-dialog .redeem-now-text{display:block;font-weight:400;} .biyYQT .mamacash-dialog.wallet{background-color:#EBF5E0;border:1px solid #CAE1B0;} .biyYQT .mamacash-dialog.wallet::after{top:-16px;left:45.5%;border-color:transparent transparent #EBF5E0 transparent;border-width:8px;} .biyYQT .mamacash-dialog.wallet::before{top:-18px;border-color:transparent transparent #CAE1B0 transparent;border-width:9px;} .biyYQT .mamacash-expiry-balance{margin-left:8px;} .biyYQT .mamacash-heading{position:absolute;top:-5px;left:11px;font-size:10px;font-weight:700;color:#000000;} .biyYQT .wallet-amount{width:75px;height:24px;font-size:14px;font-weight:700;margin-top:4px;color:#00AEEF;text-align:center;border:solid 1px transparent;border-top:none;border-radius:100px;background-image:linear-gradient(white,white),linear-gradient(0deg,#90C155,#90C155);background-origin:border-box;background-clip:content-box,border-box;} .biyYQT .gif{cursor:pointer !important;margin:auto !important;} @media (max-width:768px){.biyYQT .gif{display:none !important;}} .biyYQT .search-row{position:relative;padding-bottom:8px;padding-top:8px;} .biyYQT .scrolled{background-color:#fff;box-shadow:0 4px 12px 0 #F2F2F2;} .biyYQT .drop-down-desktop{color:#00AEEF;background:#F0FFFC;font-size:12px;text-transform:capitalize;font-weight:520;padding:3px 10px 3px 10px;margin-left:1px;margin-bottom:7px;-webkit-letter-spacing:0px;-moz-letter-spacing:0px;-ms-letter-spacing:0px;letter-spacing:0px;} .biyYQT .trending-title-desktop{size:12px;color:#00AEEF;font-size:13px;margin:8px 0px 8px 5px;} .biyYQT .icon{margin-right:8px;} .biyYQT .wrap-desktop{position:absolute;z-index:1;background:#fff;margin-top:32px;width:100%;left:0px;padding-left:10px;padding-bottom:8px;border-bottom-right-radius:2px;border-bottom-left-radius:2px;} .biyYQT .close{padding-left:4px;padding-right:4px;color:#1D1D1D;} .biyYQT .ShortSearchBar{position:relative;} @media (max-width:768px){.biyYQT .ShortSearchBar{display:none;}} .biyYQT .search-clear-icon{position:absolute;top:14%;cursor:pointer;right:5%;} .biyYQT .FullSearchBar{position:relative;padding-top:0;} .biyYQT .FullSearchBar:focus{border-color:#00AEEF;} .biyYQT .FullSearchBar #mobileSearch{padding:0.375rem 0.75rem;border-radius:5px;} .biyYQT .FullSearchBar #mobileSearch::-webkit-input-placeholder{color:#727272;} .biyYQT .FullSearchBar #mobileSearch::-moz-placeholder{color:#727272;} .biyYQT .FullSearchBar #mobileSearch:-ms-input-placeholder{color:#727272;} .biyYQT .FullSearchBar #mobileSearch::placeholder{color:#727272;} .biyYQT .FullSearchBar.on-search #mobileSearch{border-left:none;border-top-left-radius:0px;border-bottom-left-radius:0px;} .biyYQT .FullSearchBar #mobileSearch:focus{border-color:#E6E8E7;} .biyYQT .FullSearchBar .search-clear-icon{top:20%;right:5%;} .biyYQT .logo{max-width:120px;} .biyYQT .customScrollBar{padding:0px;margin:0px;padding-top:5rem;padding-top:6rem;} @media only screen and (max-width:768px){.biyYQT .customScrollBar{margin-bottom:0rem;}.biyYQT .customScrollBar.with-contextual{margin-bottom:8rem;}} .biyYQT .customScrollBar::-webkit-scrollbar{width:5px;} .biyYQT .customScrollBar::-webkit-scrollbar-track{background:#F2F2F2;} .biyYQT .customScrollBar::-webkit-scrollbar-thumb{background:#727272;} .biyYQT .customScrollBar::-webkit-scrollbar-thumb:hover{background:#1D1D1D;} .biyYQT .selectCurrency{width:70px;display:-webkit-box;display:-webkit-flex;display:-ms-flexbox;display:flex;-webkit-box-pack:center;-webkit-justify-content:center;-ms-flex-pack:center;justify-content:center;-webkit-align-items:center;-webkit-box-align:center;-ms-flex-align:center;align-items:center;} .biyYQT .selectCurrency .select__control{width:100%;} @media only screen and (min-width:411px){.biyYQT .honasa-logo-wrapper{margin-left:0.5rem;}.biyYQT .FullSearchBar{padding-top:0.25rem;}} @media only screen and (min-width:768px){.biyYQT .legacy{padding:0.5rem 1rem;}.biyYQT .ShortSearchBar{display:-webkit-box;display:-webkit-flex;display:-ms-flexbox;display:flex;margin-right:auto;width:50vw;}.biyYQT .ShortSearchBar .search-input{color:#727272;font-size:0.95rem;font-weight:400;padding:0.25rem 0.75rem;border-radius:5px;}.biyYQT .ShortSearchBar .search-input.on-search{border-left:none;border-top-left-radius:0px;border-bottom-left-radius:0px;}.biyYQT .ShortSearchBar .search-input::-webkit-input-placeholder{font-size:0.9rem;}.biyYQT .ShortSearchBar .search-input::-moz-placeholder{font-size:0.9rem;}.biyYQT .ShortSearchBar .search-input:-ms-input-placeholder{font-size:0.9rem;}.biyYQT .ShortSearchBar .search-input::placeholder{font-size:0.9rem;}.biyYQT .ShortSearchBar .search-input:focus{border-color:#E6E8E7;}.biyYQT .ShortSearchBar .search-button{border-top-right-radius:5px;border-bottom-right-radius:5px;padding:0.15rem 0.5rem 0;display:-webkit-box;display:-webkit-flex;display:-ms-flexbox;display:flex;-webkit-align-items:center;-webkit-box-align:center;-ms-flex-align:center;align-items:center;-webkit-box-pack:start;-webkit-justify-content:flex-start;-ms-flex-pack:start;justify-content:flex-start;background-color:#00AFEF;color:#fff;font-weight:400;}.biyYQT .ShortSearchBar .search-button .search-icon{padding-right:0.5rem;}.biyYQT .ShortSearchBar .search-button .search-icon svg{height:15px;}.biyYQT .ShortSearchBar .search-button .search-icon svg path.path-selector{fill:#fff;}.biyYQT .FullSearchBar{display:none;}} @media only screen and (min-width:1024px){.biyYQT .honasa-logo-wrapper{margin-left:0;}.biyYQT .honasa-logo-wrapper img{max-width:130px;}.biyYQT .ShortSearchBar{width:45vw;}.biyYQT .ShortSearchBar .search-input{padding:0.375rem 0.75rem;font-size:0.9rem;}.biyYQT .ShortSearchBar .search-input::-webkit-input-placeholder{font-size:0.9rem;}.biyYQT .ShortSearchBar .search-input::-moz-placeholder{font-size:0.9rem;}.biyYQT .ShortSearchBar .search-input:-ms-input-placeholder{font-size:0.9rem;}.biyYQT .ShortSearchBar .search-input::placeholder{font-size:0.9rem;}.biyYQT .search-row{padding:0.5rem 7vw;}.biyYQT .categories-row{padding:0.5rem 7vw;border-top:1px solid #DCDCDC;box-shadow:0px 3px 6px #DCDCDC;}} @media only screen and (min-width:1200px){.biyYQT .honasa-logo-wrapper img{max-width:140px;}.biyYQT .ShortSearchBar{width:45vw;}.biyYQT .ShortSearchBar .search-button{padding:0 0.75rem;}.biyYQT .search-input{padding:0.5rem 1rem;}} .biyYQT .vip-logo{max-width:80px !important;} @media (min-width:800px){.biyYQT .vip-logo{max-width:100px !important;}} @media only screen and (min-width:1400px){.biyYQT .honasa-logo-wrapper img{max-width:150px;}.biyYQT .ShortSearchBar{width:40vw;}}.ddwEYu{box-shadow:0 4px 8px 0 rgb(0 0 0 / 10%);background-color:#fff;} .ddwEYu .flex{display:-webkit-box;display:-webkit-flex;display:-ms-flexbox;display:flex;-webkit-align-items:center;-webkit-box-align:center;-ms-flex-align:center;align-items:center;-webkit-box-pack:justify;-webkit-justify-content:space-between;-ms-flex-pack:justify;justify-content:space-between;} .ddwEYu .legacy{padding:0.3rem 0.5rem;display:-webkit-box;display:-webkit-flex;display:-ms-flexbox;display:flex;-webkit-box-pack:justify;-webkit-justify-content:space-between;-ms-flex-pack:justify;justify-content:space-between;-webkit-align-items:center;-webkit-box-align:center;-ms-flex-align:center;align-items:center;} .ddwEYu .honasa-logo-wrapper{margin-right:auto;margin-left:0.25rem;} .ddwEYu .mamacash-logo-wrapper{position:relative;margin-right:16px;} @media only screen and (min-width:768px){.ddwEYu .mamacash-logo-wrapper{margin-right:24px;}.ddwEYu .mamacash-logo-wrapper:hover .mamacash-dialog{visibility:visible;opacity:1;}} .ddwEYu .mamacash-dialog{visibility:hidden;background-color:#FFEEC4;color:black;padding:16px;position:absolute;z-index:2;top:136%;right:-136%;opacity:0;-webkit-transition:opacity 0.3s;transition:opacity 0.3s;min-width:270px;font-size:12px;line-height:14px;font-weight:700;border:1px solid #FFD56C;border-radius:8px;} .ddwEYu .mamacash-dialog .flex-wallet{display:-webkit-box;display:-webkit-flex;display:-ms-flexbox;display:flex;} .ddwEYu .mamacash-dialog .login-cta{width:100%;background-color:#01AEEF;border-radius:4px;border:1px solid #01AEEF;color:#FFFFFF;padding:4px;margin-top:8px;text-align:center;} .ddwEYu .mamacash-dialog::after,.ddwEYu .mamacash-dialog::before{content:'';display:block;position:absolute;left:45%;width:0;height:0;border-style:solid;} .ddwEYu .mamacash-dialog::after{top:-16px;left:45.5%;border-color:transparent transparent #FFEEC4 transparent;border-width:8px;} .ddwEYu .mamacash-dialog::before{top:-18px;border-color:transparent transparent #FFD56C transparent;border-width:9px;} .ddwEYu .mamacash-dialog .redeem-now-text{display:block;font-weight:400;} .ddwEYu .mamacash-dialog.wallet{background-color:#EBF5E0;border:1px solid #CAE1B0;} .ddwEYu .mamacash-dialog.wallet::after{top:-16px;left:45.5%;border-color:transparent transparent #EBF5E0 transparent;border-width:8px;} .ddwEYu .mamacash-dialog.wallet::before{top:-18px;border-color:transparent transparent #CAE1B0 transparent;border-width:9px;} .ddwEYu .mamacash-expiry-balance{margin-left:8px;} .ddwEYu .mamacash-heading{position:absolute;top:-5px;left:11px;font-size:10px;font-weight:700;color:#000000;} .ddwEYu .wallet-amount{width:75px;height:24px;font-size:14px;font-weight:700;margin-top:4px;color:#00AEEF;text-align:center;border:solid 1px transparent;border-top:none;border-radius:100px;background-image:linear-gradient(white,white),linear-gradient(0deg,#90C155,#90C155);background-origin:border-box;background-clip:content-box,border-box;} .ddwEYu .gif{cursor:pointer !important;margin:auto !important;} @media (max-width:768px){.ddwEYu .gif{display:none !important;}} .ddwEYu .search-row{position:relative;padding-bottom:8px;padding-top:8px;} .ddwEYu .scrolled{background-color:#fff;box-shadow:0 4px 12px 0 #F2F2F2;} .ddwEYu .drop-down-desktop{color:#00AEEF;background:#F0FFFC;font-size:12px;text-transform:capitalize;font-weight:520;padding:3px 10px 3px 10px;margin-left:1px;margin-bottom:7px;-webkit-letter-spacing:0px;-moz-letter-spacing:0px;-ms-letter-spacing:0px;letter-spacing:0px;} .ddwEYu .trending-title-desktop{size:12px;color:#00AEEF;font-size:13px;margin:8px 0px 8px 5px;} .ddwEYu .icon{margin-right:8px;} .ddwEYu .wrap-desktop{position:absolute;z-index:1;background:#fff;margin-top:32px;width:100%;left:0px;padding-left:10px;padding-bottom:8px;border-bottom-right-radius:2px;border-bottom-left-radius:2px;} .ddwEYu .close{padding-left:4px;padding-right:4px;color:#1D1D1D;} .ddwEYu .ShortSearchBar{position:relative;} @media (max-width:768px){.ddwEYu .ShortSearchBar{display:none;}} .ddwEYu .search-clear-icon{position:absolute;top:14%;cursor:pointer;right:5%;} .ddwEYu .FullSearchBar{position:relative;padding-top:0;} .ddwEYu .FullSearchBar:focus{border-color:#00AEEF;} .ddwEYu .FullSearchBar #mobileSearch{padding:0.375rem 0.75rem;border-radius:5px;} .ddwEYu .FullSearchBar #mobileSearch::-webkit-input-placeholder{color:#727272;} .ddwEYu .FullSearchBar #mobileSearch::-moz-placeholder{color:#727272;} .ddwEYu .FullSearchBar #mobileSearch:-ms-input-placeholder{color:#727272;} .ddwEYu .FullSearchBar #mobileSearch::placeholder{color:#727272;} .ddwEYu .FullSearchBar.on-search #mobileSearch{border-left:none;border-top-left-radius:0px;border-bottom-left-radius:0px;} .ddwEYu .FullSearchBar #mobileSearch:focus{border-color:#E6E8E7;} .ddwEYu .FullSearchBar .search-clear-icon{top:20%;right:5%;} .ddwEYu .logo{max-width:120px;} .ddwEYu .customScrollBar{padding:0px;margin:0px;padding-top:5rem;padding-top:3rem;} @media only screen and (max-width:768px){.ddwEYu .customScrollBar{margin-bottom:0rem;}.ddwEYu .customScrollBar.with-contextual{margin-bottom:8rem;}} .ddwEYu .customScrollBar::-webkit-scrollbar{width:5px;} .ddwEYu .customScrollBar::-webkit-scrollbar-track{background:#F2F2F2;} .ddwEYu .customScrollBar::-webkit-scrollbar-thumb{background:#727272;} .ddwEYu .customScrollBar::-webkit-scrollbar-thumb:hover{background:#1D1D1D;} .ddwEYu .selectCurrency{width:70px;display:-webkit-box;display:-webkit-flex;display:-ms-flexbox;display:flex;-webkit-box-pack:center;-webkit-justify-content:center;-ms-flex-pack:center;justify-content:center;-webkit-align-items:center;-webkit-box-align:center;-ms-flex-align:center;align-items:center;} .ddwEYu .selectCurrency .select__control{width:100%;} @media only screen and (min-width:411px){.ddwEYu .honasa-logo-wrapper{margin-left:0.5rem;}.ddwEYu .FullSearchBar{padding-top:0.25rem;}} @media only screen and (min-width:768px){.ddwEYu .legacy{padding:0.5rem 1rem;}.ddwEYu .ShortSearchBar{display:-webkit-box;display:-webkit-flex;display:-ms-flexbox;display:flex;margin-right:auto;width:50vw;}.ddwEYu .ShortSearchBar .search-input{color:#727272;font-size:0.95rem;font-weight:400;padding:0.25rem 0.75rem;border-radius:5px;}.ddwEYu .ShortSearchBar .search-input.on-search{border-left:none;border-top-left-radius:0px;border-bottom-left-radius:0px;}.ddwEYu .ShortSearchBar .search-input::-webkit-input-placeholder{font-size:0.9rem;}.ddwEYu .ShortSearchBar .search-input::-moz-placeholder{font-size:0.9rem;}.ddwEYu .ShortSearchBar .search-input:-ms-input-placeholder{font-size:0.9rem;}.ddwEYu .ShortSearchBar .search-input::placeholder{font-size:0.9rem;}.ddwEYu .ShortSearchBar .search-input:focus{border-color:#E6E8E7;}.ddwEYu .ShortSearchBar .search-button{border-top-right-radius:5px;border-bottom-right-radius:5px;padding:0.15rem 0.5rem 0;display:-webkit-box;display:-webkit-flex;display:-ms-flexbox;display:flex;-webkit-align-items:center;-webkit-box-align:center;-ms-flex-align:center;align-items:center;-webkit-box-pack:start;-webkit-justify-content:flex-start;-ms-flex-pack:start;justify-content:flex-start;background-color:#00AFEF;color:#fff;font-weight:400;}.ddwEYu .ShortSearchBar .search-button .search-icon{padding-right:0.5rem;}.ddwEYu .ShortSearchBar .search-button .search-icon svg{height:15px;}.ddwEYu .ShortSearchBar .search-button .search-icon svg path.path-selector{fill:#fff;}.ddwEYu .FullSearchBar{display:none;}} @media only screen and (min-width:1024px){.ddwEYu .honasa-logo-wrapper{margin-left:0;}.ddwEYu .honasa-logo-wrapper img{max-width:130px;}.ddwEYu .ShortSearchBar{width:45vw;}.ddwEYu .ShortSearchBar .search-input{padding:0.375rem 0.75rem;font-size:0.9rem;}.ddwEYu .ShortSearchBar .search-input::-webkit-input-placeholder{font-size:0.9rem;}.ddwEYu .ShortSearchBar .search-input::-moz-placeholder{font-size:0.9rem;}.ddwEYu .ShortSearchBar .search-input:-ms-input-placeholder{font-size:0.9rem;}.ddwEYu .ShortSearchBar .search-input::placeholder{font-size:0.9rem;}.ddwEYu .search-row{padding:0.5rem 7vw;}.ddwEYu .categories-row{padding:0.5rem 7vw;border-top:1px solid #DCDCDC;box-shadow:0px 3px 6px #DCDCDC;}} @media only screen and (min-width:1200px){.ddwEYu .honasa-logo-wrapper img{max-width:140px;}.ddwEYu .ShortSearchBar{width:45vw;}.ddwEYu .ShortSearchBar .search-button{padding:0 0.75rem;}.ddwEYu .search-input{padding:0.5rem 1rem;}} .ddwEYu .vip-logo{max-width:80px !important;} @media (min-width:800px){.ddwEYu .vip-logo{max-width:100px !important;}} @media only screen and (min-width:1400px){.ddwEYu .honasa-logo-wrapper img{max-width:150px;}.ddwEYu .ShortSearchBar{width:40vw;}}
/* sc-component-id: sc-bRBYWo */
.fVKbxB{position:-webkit-sticky;position:sticky;top:0;z-index:99;background-color:#fff;width:100%;font-weight:500;}
/* sc-component-id: sc-global-642814042 */
@font-face{font-family:'Open Sans';font-style:italic;font-weight:400;font-stretch:100%;font-display:swap;src:url(https://fonts.gstatic.com/s/opensans/v35/memtYaGs126MiZpBA-UFUIcVXSCEkx2cmqvXlWqWuU6FxZCJgg.woff2) format('woff2');unicode-range:U+0000-00FF,U+0131,U+0152-0153,U+02BB-02BC,U+02C6,U+02DA,U+02DC,U+0304,U+0308,U+0329,U+2000-206F,U+2074,U+20AC,U+2122,U+2191,U+2193,U+2212,U+2215,U+FEFF,U+FFFD;} @font-face{font-family:'Open Sans';font-style:italic;font-weight:500;font-stretch:100%;font-display:swap;src:url(https://fonts.gstatic.com/s/opensans/v35/memtYaGs126MiZpBA-UFUIcVXSCEkx2cmqvXlWqWuU6FxZCJgg.woff2) format('woff2');unicode-range:U+0000-00FF,U+0131,U+0152-0153,U+02BB-02BC,U+02C6,U+02DA,U+02DC,U+0304,U+0308,U+0329,U+2000-206F,U+2074,U+20AC,U+2122,U+2191,U+2193,U+2212,U+2215,U+FEFF,U+FFFD;} @font-face{font-family:'Open Sans';font-style:italic;font-weight:600;font-stretch:100%;font-display:swap;src:url(https://fonts.gstatic.com/s/opensans/v35/memtYaGs126MiZpBA-UFUIcVXSCEkx2cmqvXlWqWuU6FxZCJgg.woff2) format('woff2');unicode-range:U+0000-00FF,U+0131,U+0152-0153,U+02BB-02BC,U+02C6,U+02DA,U+02DC,U+0304,U+0308,U+0329,U+2000-206F,U+2074,U+20AC,U+2122,U+2191,U+2193,U+2212,U+2215,U+FEFF,U+FFFD;} @font-face{font-family:'Open Sans';font-style:normal;font-weight:400;font-stretch:100%;font-display:swap;src:url(https://fonts.gstatic.com/s/opensans/v35/memvYaGs126MiZpBA-UvWbX2vVnXBbObj2OVTS-mu0SC55I.woff2) format('woff2');unicode-range:U+0000-00FF,U+0131,U+0152-0153,U+02BB-02BC,U+02C6,U+02DA,U+02DC,U+0304,U+0308,U+0329,U+2000-206F,U+2074,U+20AC,U+2122,U+2191,U+2193,U+2212,U+2215,U+FEFF,U+FFFD;} @font-face{font-family:'Open Sans';font-style:normal;font-weight:500;font-stretch:100%;font-display:swap;src:url(https://fonts.gstatic.com/s/opensans/v35/memvYaGs126MiZpBA-UvWbX2vVnXBbObj2OVTS-mu0SC55I.woff2) format('woff2');unicode-range:U+0000-00FF,U+0131,U+0152-0153,U+02BB-02BC,U+02C6,U+02DA,U+02DC,U+0304,U+0308,U+0329,U+2000-206F,U+2074,U+20AC,U+2122,U+2191,U+2193,U+2212,U+2215,U+FEFF,U+FFFD;} @font-face{font-family:'Open Sans';font-style:normal;font-weight:600;font-stretch:100%;font-display:swap;src:url(https://fonts.gstatic.com/s/opensans/v35/memvYaGs126MiZpBA-UvWbX2vVnXBbObj2OVTS-mu0SC55I.woff2) format('woff2');unicode-range:U+0000-00FF,U+0131,U+0152-0153,U+02BB-02BC,U+02C6,U+02DA,U+02DC,U+0304,U+0308,U+0329,U+2000-206F,U+2074,U+20AC,U+2122,U+2191,U+2193,U+2212,U+2215,U+FEFF,U+FFFD;} @font-face{font-family:"Ionicons";src:url("https://cdnjs.cloudflare.com/ajax/libs/ionicons/2.0.1/fonts/ionicons.eot?v=2.0.0");src:url("https://cdnjs.cloudflare.com/ajax/libs/ionicons/2.0.1/fonts/ionicons.eot?v=2.0.0#iefix") format("embedded-opentype"), url("https://cdnjs.cloudflare.com/ajax/libs/ionicons/2.0.1/fonts/ionicons.ttf?v=2.0.0") format("truetype"), url("https://cdnjs.cloudflare.com/ajax/libs/ionicons/2.0.1/fonts/ionicons.woff?v=2.0.0") format("woff"), url("https://cdnjs.cloudflare.com/ajax/libs/ionicons/2.0.1/fonts/ionicons.svg?v=2.0.0#Ionicons") format("svg");font-weight:normal;font-style:normal;} body,div,iframe,ul,li,ol,i,svg,pre,del,button,input,select,textarea,p,span,h1,h2,h3,h4,h5,h6{font-family:'Open Sans',sans-serif;} .slick-slider{position:relative;display:block;box-sizing:border-box;-webkit-user-select:none;-moz-user-select:none;-ms-user-select:none;-webkit-user-select:none;-moz-user-select:none;-ms-user-select:none;user-select:none;-webkit-touch-callout:none;-khtml-user-select:none;-ms-touch-action:pan-y;touch-action:pan-y;-webkit-tap-highlight-color:transparent;} .slick-list{position:relative;display:block;overflow:hidden;margin:0;padding:0;} .slick-list:focus{outline:none;} .slick-list.dragging{cursor:pointer;cursor:hand;} .slick-slider .slick-track,.slick-slider .slick-list{-webkit-transform:translate3d(0,0,0);-moz-transform:translate3d(0,0,0);-ms-transform:translate3d(0,0,0);-o-transform:translate3d(0,0,0);-webkit-transform:translate3d(0,0,0);-ms-transform:translate3d(0,0,0);transform:translate3d(0,0,0);} .slick-track{position:relative;top:0;left:0;display:block;margin-left:auto;margin-right:auto;} .slick-track:before,.slick-track:after{display:table;content:'';} .slick-track:after{clear:both;} .slick-loading .slick-track{visibility:hidden;} .slick-slide{display:none;float:left;height:100%;min-height:1px;} [dir='rtl'] .slick-slide{float:right;} .slick-slide img{display:block;} .slick-slide.slick-loading img{display:none;} .slick-slide.dragging img{pointer-events:none;} .slick-initialized .slick-slide{display:block;} .slick-loading .slick-slide{visibility:hidden;} .slick-vertical .slick-slide{display:block;height:auto;border:1px solid transparent;} .slick-arrow.slick-hidden{display:none;} .slick-loading .slick-list{background:#fff url('./ajax-loader.gif') center center no-repeat;} .slick-prev,.slick-next{font-size:0;line-height:0;position:absolute;top:50%;display:block;width:20px;height:20px;padding:0;-webkit-transform:translate(0,-50%);-ms-transform:translate(0,-50%);-webkit-transform:translate(0,-50%);-ms-transform:translate(0,-50%);transform:translate(0,-50%);cursor:pointer;color:transparent;border:none;outline:none;background:transparent;} .slick-prev:hover,.slick-prev:focus,.slick-next:hover,.slick-next:focus{color:transparent;outline:none;background:transparent;} .slick-prev:hover:before,.slick-prev:focus:before,.slick-next:hover:before,.slick-next:focus:before{opacity:1;} .slick-prev.slick-disabled:before,.slick-next.slick-disabled:before{opacity:.25;} .slick-prev:before,.slick-next:before{font-family:'slick';font-size:20px;line-height:1;opacity:.75;color:white;-webkit-font-smoothing:antialiased;-moz-osx-font-smoothing:grayscale;} .slick-prev{left:-25px;} [dir='rtl'] .slick-prev{right:-25px;left:auto;} .slick-next{right:-25px;} [dir='rtl'] .slick-next{right:auto;left:-25px;} .slick-dotted.slick-slider{margin-bottom:30px;} .slick-dots{position:relative;display:block;width:100%;padding:0;margin:0 0 8px 0;list-style:none;text-align:center;} .slick-dots > li{width:20px;height:20px;margin:0 6px;} .slick-dots li{position:relative;display:inline-block;cursor:pointer;} .slick-dots li button{font-size:0;line-height:0;display:block;width:20px;height:20px;padding:5px;cursor:pointer;color:transparent;border:0;outline:none;background:transparent;} .slick-dots li button:hover,.slick-dots li button:focus{outline:none;} .slick-dots li button:hover:before,.slick-dots li button:focus:before{opacity:1;} .slick-dots li button:before{font-family:'slick';font-size:1.8rem;line-height:20px;position:absolute;top:0;left:0;width:auto;height:auto;content:'•';text-align:center;opacity:.25;color:black;-webkit-font-smoothing:antialiased;-moz-osx-font-smoothing:grayscale;} .slick-dots li.slick-active button:before{opacity:.90;color:black;} ul,h3{margin:0;} *{-webkit-tap-highlight-color:rgba(255,255,255,0);} img{border-style:none;max-width:100%;} ul{padding:0;list-style-type:none;} svg:not(:root){overflow:hidden;} code,kbd,pre,samp{font-family:monospace,monospace;font-size:1em;} figure{margin:0;} hr{box-sizing:content-box;height:0;overflow:visible;} button,input,select,textarea{border-style:none;font:inherit;} optgroup{font-weight:600;} button,input,select{overflow:visible;} button,input,select,textarea{margin:0;} button,select{text-transform:none;} button,[type="button"],[type="reset"],[type="submit"]{cursor:pointer;} [disabled]{cursor:default;} button,html [type="button"],[type="reset"],[type="submit"]{-webkit-appearance:none;outline:none;border:none;} button::-moz-focus-inner,input::-moz-focus-inner{border:0;padding:0;} button:-moz-focusring,input:-moz-focusring{outline:1px dotted ButtonText;} fieldset{border:1px solid #c0c0c0;margin:0 2px;padding:0.35em 0.625em 0.75em;} legend{box-sizing:border-box;color:inherit;display:table;max-width:100%;padding:0;white-space:normal;} textarea{overflow:auto;} [type="checkbox"],[type="radio"]{box-sizing:border-box;padding:0;} [type="number"]::-webkit-inner-spin-button,[type="number"]::-webkit-outer-spin-button{height:auto;} [type="search"]{-webkit-appearance:textfield;} [type="search"]::-webkit-search-cancel-button,[type="search"]::-webkit-search-decoration{-webkit-appearance:none;} html{box-sizing:border-box;font-size:16px;} *,*:before,*:after{box-sizing:inherit;} audio,canvas,iframe,img,svg,video{vertical-align:middle;} a{-webkit-text-decoration:none;text-decoration:none;} .no-pad{padding:0!important;} html{box-sizing:border-box;font-size:14px;} @media (min-width:1000px){html{font-size:15px;}} @media (min-width:1400px){html{font-size:15.2px;}} @media (min-width:1600px){html{font-size:15.4px;}} @media (min-width:2000px){html{font-size:16px;}} *,*:before,*:after{box-sizing:inherit;} body{padding:0;margin:0;line-height:1.62;background-color:#fff;} body.noScroll{overflow:hidden;} a{-webkit-user-select:none;-moz-user-select:none;-ms-user-select:none;user-select:none;-webkit-text-decoration:none;text-decoration:none;cursor:pointer;color:#727272;} a:hover{color:#727272;} button{background-color:transparent;} h4{font-size:0.8rem;margin:4px 0;} .hidden{visibility:hidden;} .padding-normal{padding:0 8%;} .accordion__body{display:block;padding:1rem;} .accordion__body--hidden{display:none;} .accordion__title{outline:none;cursor:pointer;} .accordion__title h3{margin:0;line-height:3rem;text-transform:uppercase;font-size:1rem;color:rgb(171,30,86);} .accordion__item:not(:last-child){border-bottom:1px solid #b3b3b3;} .cart-root{position:relative;z-index:10;} .login-root{position:relative;z-index:15;} .text-center{text-align:center;} .checkout-wrapper{padding:0 !important;} body{overflow-x:hidden;overflow-y:scroll;} .image-gallery-fullscreen-button::before,.image-gallery-play-button::before,.image-gallery-left-nav::before,.image-gallery-right-nav::before{display:inline-block;font-family:"Ionicons";speak:none;font-style:normal;font-weight:normal;font-variant:normal;text-transform:none;text-rendering:auto;line-height:1;-webkit-font-smoothing:antialiased;-moz-osx-font-smoothing:grayscale;} .image-gallery{-webkit-user-select:none;-moz-user-select:none;-ms-user-select:none;-o-user-select:none;-webkit-user-select:none;-moz-user-select:none;-ms-user-select:none;user-select:none;-webkit-tap-highlight-color:transparent;} .image-gallery.fullscreen-modal{background:#000;bottom:0;height:100%;left:0;position:fixed;right:0;top:0;width:100%;z-index:100;} .image-gallery.fullscreen-modal .image-gallery-content{top:50%;-webkit-transform:translateY(-50%);-ms-transform:translateY(-50%);transform:translateY(-50%);} .image-gallery-content{position:relative;line-height:0;top:0;} .image-gallery-content.fullscreen{background:#000;} .image-gallery-content.fullscreen .image-gallery-slide{background:#000;} .image-gallery-slide-wrapper{position:relative;} .image-gallery-slide-wrapper.left,.image-gallery-slide-wrapper.right{display:inline-block;width:calc(100% - 113px);} @media (max-width:768px){.image-gallery-slide-wrapper.left,.image-gallery-slide-wrapper.right{width:calc(100% - 84px);}} .image-gallery-slide-wrapper.image-gallery-rtl{direction:rtl;} .image-gallery-fullscreen-button,.image-gallery-play-button,.image-gallery-left-nav,.image-gallery-right-nav{-webkit-appearance:none;-moz-appearance:none;appearance:none;background-color:transparent;border:0;cursor:pointer;outline:none;position:absolute;z-index:4;} .image-gallery-fullscreen-button::before,.image-gallery-play-button::before,.image-gallery-left-nav::before,.image-gallery-right-nav::before{color:#fff;line-height:0.7;text-shadow:0 2px 2px #1a1a1a;-webkit-transition:color 0.2s ease-out;transition:color 0.2s ease-out;} .image-gallery-fullscreen-button:hover::before,.image-gallery-play-button:hover::before,.image-gallery-left-nav:hover::before,.image-gallery-right-nav:hover::before{color:#337ab7;} @media (max-width:768px){.image-gallery-fullscreen-button:hover::before,.image-gallery-play-button:hover::before,.image-gallery-left-nav:hover::before,.image-gallery-right-nav:hover::before{color:#fff;}} .image-gallery-fullscreen-button,.image-gallery-play-button{bottom:0;} .image-gallery-fullscreen-button::before,.image-gallery-play-button::before{font-size:2.7em;padding:15px 20px;text-shadow:0 1px 1px #1a1a1a;} @media (max-width:768px){.image-gallery-fullscreen-button::before,.image-gallery-play-button::before{font-size:2.4em;}} @media (max-width:480px){.image-gallery-fullscreen-button::before,.image-gallery-play-button::before{font-size:2em;}} .image-gallery-fullscreen-button:hover::before,.image-gallery-play-button:hover::before{color:#fff;-webkit-transform:scale(1.1);-ms-transform:scale(1.1);transform:scale(1.1);} @media (max-width:768px){.image-gallery-fullscreen-button:hover::before,.image-gallery-play-button:hover::before{-webkit-transform:none;-ms-transform:none;transform:none;}} .image-gallery-fullscreen-button{right:0;} .image-gallery-fullscreen-button::before{content:"";} .image-gallery-fullscreen-button.active::before{content:"";} .image-gallery-fullscreen-button.active:hover::before{-webkit-transform:scale(0.9);-ms-transform:scale(0.9);transform:scale(0.9);} .image-gallery-play-button{left:0;} .image-gallery-play-button::before{content:"";} .image-gallery-play-button.active::before{content:"";} .image-gallery-left-nav,.image-gallery-right-nav{color:#fff;font-size:5em;padding:50px 15px;top:50%;-webkit-transform:translateY(-50%);-ms-transform:translateY(-50%);transform:translateY(-50%);} .image-gallery-left-nav[disabled],.image-gallery-right-nav[disabled]{cursor:disabled;opacity:0.6;pointer-events:none;} @media (max-width:768px){.image-gallery-left-nav,.image-gallery-right-nav{font-size:3.4em;padding:20px 15px;}} @media (max-width:480px){.image-gallery-left-nav,.image-gallery-right-nav{font-size:2.4em;padding:0 15px;}} .image-gallery-left-nav{left:0;} .image-gallery-left-nav::before{content:"";} .image-gallery-right-nav{right:0;} .image-gallery-right-nav::before{content:"";} .image-gallery-slides{line-height:0;overflow:hidden;position:relative;white-space:nowrap;} .image-gallery-slide{background:#fff;left:0;position:absolute;top:0;width:100%;} .image-gallery-slide.center{position:relative;} .image-gallery-slide img{width:100%;} .image-gallery-slide .image-gallery-description{background:rgba(0,0,0,0.4);bottom:70px;color:#fff;left:0;line-height:1;padding:10px 20px;position:absolute;white-space:normal;} @media (max-width:768px){.image-gallery-slide .image-gallery-description{bottom:45px;font-size:0.8em;padding:8px 15px;}} .image-gallery-bullets{bottom:20px;left:0;margin:0 auto;position:absolute;right:0;width:80%;z-index:4;} .image-gallery-bullets .image-gallery-bullets-container{margin:0;padding:0;text-align:center;} .image-gallery-bullets .image-gallery-bullet{-webkit-appearance:none;-moz-appearance:none;appearance:none;background-color:transparent;border:1px solid #fff;border-radius:50%;box-shadow:0 1px 0 #1a1a1a;cursor:pointer;display:inline-block;margin:0 5px;outline:none;padding:5px;} @media (max-width:768px){.image-gallery-bullets .image-gallery-bullet{margin:0 3px;padding:3px;}} @media (max-width:480px){.image-gallery-bullets .image-gallery-bullet{padding:2.7px;}} .image-gallery-bullets .image-gallery-bullet.active{background:#fff;} .image-gallery-thumbnails-wrapper{position:relative;} .image-gallery-thumbnails-wrapper.thumbnails-wrapper-rtl{direction:rtl;} .image-gallery-thumbnails-wrapper.left,.image-gallery-thumbnails-wrapper.right{display:inline-block;vertical-align:top;width:108px;} @media (max-width:768px){.image-gallery-thumbnails-wrapper.left,.image-gallery-thumbnails-wrapper.right{width:81px;}} .image-gallery-thumbnails-wrapper.left .image-gallery-thumbnails,.image-gallery-thumbnails-wrapper.right .image-gallery-thumbnails{height:100%;width:100%;left:0;padding:0;position:absolute;top:0;} .image-gallery-thumbnails-wrapper.left .image-gallery-thumbnails .image-gallery-thumbnail,.image-gallery-thumbnails-wrapper.right .image-gallery-thumbnails .image-gallery-thumbnail{display:block;margin-right:0;padding:0;} .image-gallery-thumbnails-wrapper.left .image-gallery-thumbnails .image-gallery-thumbnail + .image-gallery-thumbnail,.image-gallery-thumbnails-wrapper.right .image-gallery-thumbnails .image-gallery-thumbnail + .image-gallery-thumbnail{margin-left:0;} .image-gallery-thumbnails-wrapper.left{margin-right:5px;} @media (max-width:768px){.image-gallery-thumbnails-wrapper.left{margin-right:3px;}} .image-gallery-thumbnails-wrapper.right{margin-left:5px;} @media (max-width:768px){.image-gallery-thumbnails-wrapper.right{margin-left:3px;}} .image-gallery-thumbnails{overflow:hidden;padding:5px 0;} @media (max-width:768px){.image-gallery-thumbnails{padding:3px 0;}} .image-gallery-thumbnails .image-gallery-thumbnails-container{cursor:pointer;text-align:center;-webkit-transition:-webkit-transform 0.45s ease-out;-webkit-transition:transform 0.45s ease-out;transition:transform 0.45s ease-out;white-space:nowrap;} .image-gallery-thumbnail{display:inline-block;border:4px solid transparent;-webkit-transition:border 0.3s ease-out;transition:border 0.3s ease-out;width:100px;} @media (max-width:768px){.image-gallery-thumbnail{border:3px solid transparent;width:75px;}} .image-gallery-thumbnail + .image-gallery-thumbnail{margin-left:2px;} .image-gallery-thumbnail .image-gallery-thumbnail-inner{position:relative;} .image-gallery-thumbnail img{vertical-align:middle;width:100%;} .image-gallery-thumbnail.active{border:2px solid #337ab7;} @media (max-width:768px){.image-gallery-thumbnail.active{border:1px solid #337ab7;}} .image-gallery-thumbnail-label{box-sizing:border-box;color:white;font-size:1em;left:0;line-height:1em;padding:5%;position:absolute;top:50%;text-shadow:1px 1px 0 black;-webkit-transform:translateY(-50%);-ms-transform:translateY(-50%);transform:translateY(-50%);white-space:normal;width:100%;} @media (max-width:768px){.image-gallery-thumbnail-label{font-size:0.8em;line-height:0.8em;}} .image-gallery-index{background:rgba(0,0,0,0.4);color:#fff;line-height:1;padding:10px 20px;position:absolute;right:0;top:0;z-index:4;} .image-gallery-image{display:block;-webkit-box-pack:center;-webkit-justify-content:center;-ms-flex-pack:center;justify-content:center;} .image-gallery-image img{max-width:80vmin;} @media (max-width:768px){.image-gallery-index{font-size:0.8em;padding:5px 10px;}} .ais-SearchBox{display:-webkit-box;display:-webkit-flex;display:-ms-flexbox;display:flex;-webkit-box-pack:center;-webkit-justify-content:center;-ms-flex-pack:center;justify-content:center;margin:1rem 0;} .ais-SearchBox input{height:50px;outline:none;font-size:1.2rem;} .widget-ratings,.widget-container{position:unset !important;} ul.how-use-list{display:-webkit-box;display:-webkit-flex;display:-ms-flexbox;display:flex;-webkit-flex:1 1 25%;-ms-flex:1 1 25%;flex:1 1 25%;} ul.how-use-list li{width:100%;padding-left:15px;padding-right:15px;color:#777;} ul.how-use-list li h2{display:block;margin-bottom:10px !important;margin-top:20px !important;border:0;padding-bottom:0px;} ul.how-use-list li span.how-use-content{font-size:0.9rem;line-height:1.2rem;} ul.how-use-list li img{max-width:100%;width:100%;} ul.woodmart-list{display:-webkit-box;display:-webkit-flex;display:-ms-flexbox;display:flex;-webkit-flex-direction:row;-ms-flex-direction:row;flex-direction:row;-webkit-flex-wrap:wrap;-ms-flex-wrap:wrap;flex-wrap:wrap;} ul.woodmart-list li{width:100%;max-width:100%;-webkit-flex:1 1 50%;-ms-flex:1 1 50%;flex:1 1 50%;padding-bottom:10px;padding-top:10px;} ul.woodmart-list li .list-icon{width:100px;display:inline-block;vertical-align:middle;} ul.woodmart-list li .list-content{max-width:calc(100% - 106px);display:inline-block;vertical-align:middle;text-align:left;padding-left:10px;color:#1D1D1D;} ul.result-list{display:-webkit-box;display:-webkit-flex;display:-ms-flexbox;display:flex;-webkit-flex-direction:row;-ms-flex-direction:row;flex-direction:row;} ul.result-list li{-webkit-flex:1 1 30%;-ms-flex:1 1 30%;flex:1 1 30%;padding:0px 45px 0px 45px;} ul.result-list li img{width:100%;margin-bottom:0px;} ul.result-list li .result-content{width:100%;padding-top:15px;display:block;font-size:1rem;color:#1D1D1D;} @media (max-width:500px){.result-content{width:90%;padding-top:15px;display:-webkit-box;display:-webkit-flex;display:-ms-flexbox;display:flex;font-size:100pxrem;color:#777;}ul.how-use-list{-webkit-flex-wrap:wrap;-ms-flex-wrap:wrap;flex-wrap:wrap;}ul.how-use-list li{margin-bottom:1rem;}} ul.compare-list{display:-webkit-box;display:-webkit-flex;display:-ms-flexbox;display:flex;} ul.compare-list li{-webkit-flex:1 1 50%;-ms-flex:1 1 50%;flex:1 1 50%;display:-webkit-box;display:-webkit-flex;display:-ms-flexbox;display:flex;-webkit-align-content:center;-ms-flex-line-pack:center;align-content:center;-webkit-align-items:top;-webkit-box-align:top;-ms-flex-align:top;align-items:top;} ul.compare-list li img{border:1px solid green;} ul.compare-list li .compare-content{padding-left:20px;color:#777;font-size:0.9rem;line-height:1.2rem;} ul.compare-list li .compare-content li{padding-bottom:10px;} textarea{width:100%;color:#1D1D1D;border:#A3A3A3 solid 1px;height:10rem;padding:0.5rem;}
/* sc-component-id: sc-hzDkRC */
.fIGDcx{text-align:justify;} .fIGDcx .title{background-color:#F2F2F2;padding:20.5px 82px 20px 100px;} @media only screen and (max-width:767px){.fIGDcx .title{text-align:justify;padding:10px 1rem 6px 1rem;}}
/* sc-component-id: sc-jhAzac */
.dtWmqV .wzrk-overlay{background-color:rgba(0,0,0,.15);position:fixed;left:0;right:0;top:0;bottom:0;z-index:10000;} .dtWmqV .wzrk-hidden{display:none;} .dtWmqV .wzrk-alert{background-color:#fbfbfb;border:1px solid #f0f0f0;font-family:Arial,sans-serif;width:346px;padding:15px 15px 5px;border-radius:6px;text-align:center;position:fixed;right:20px;top:20px;margin-left:0;margin-top:0;overflow:hidden;z-index:99999;} @media screen and (max-width:540px){.dtWmqV .wzrk-alert{width:auto;margin:auto 0;top:35%;left:15px;right:15px;}} .dtWmqV .wzrk-alert-heading{color:#606060;font-size:20px;width:250px;-webkit-animation:none;animation:none;text-align:center;font-weight:600;margin:0 auto 10px;display:block;} .dtWmqV .wzrk-alert-body{color:#939393;font-size:14px;font-weight:300;-webkit-animation:none;animation:none;margin-bottom:10px;} .dtWmqV .wzrk-button-container button{background-color:#dbdbdb;color:#fff;border:none!important;box-shadow:none!important;min-width:130px;font-size:14px;-webkit-animation:none;animation:none;font-weight:100;border-radius:3px;padding:8px 10px;margin:0 7px;cursor:pointer;} .dtWmqV .wzrk-alert button:focus{outline:0;} .dtWmqV .wzrk-alert button:active{background:#5dc241;} .dtWmqV .wzrk-alert button.confirm{background-color:#f28046;} .dtWmqV .wzrk-button-container button.cancel{background-color:#dbdbdb;color:#7c7c7c;} .dtWmqV .wzrk-button-container button.cancel:hover{background-color:#d7d7d7;} .dtWmqV .wzrk-powered{font-family:Arial,sans-serif;font-size:9px;color:#777;-webkit-animation:none;animation:none;margin-top:12px;margin-right:2px;text-align:center;} .dtWmqV .wzrk-powered img{display:inline-block;-webkit-animation:none;animation:none;margin-bottom:-2px;} @-webkit-keyframes showWizAlert{.dtWmqV 0%{-webkit-transform:scale(.7);-ms-transform:scale(.7);transform:scale(.7);-webkit-transform:scale(.7);}.dtWmqV 45%{-webkit-transform:scale(1.05);-ms-transform:scale(1.05);transform:scale(1.05);-webkit-transform:scale(1.05);}.dtWmqV 80%{-webkit-transform:scale(.95);-ms-transform:scale(.95);transform:scale(.95);-webkit-transform:scale(.95);}.dtWmqV 100%{-webkit-transform:scale(1);-ms-transform:scale(1);transform:scale(1);-webkit-transform:scale(1);}} @-webkit-keyframes hideWizAlert{.dtWmqV 0%{-webkit-transform:scale(1);-ms-transform:scale(1);transform:scale(1);-webkit-transform:scale(1);}.dtWmqV 100%{-webkit-transform:scale(.5);-ms-transform:scale(.5);transform:scale(.5);-webkit-transform:scale(.5);}} .dtWmqV .wiz-show-animate{-webkit-animation:showWizAlert .3s;animation:showWizAlert .3s;} .dtWmqV .wiz-hide-animate{-webkit-animation:hideWizAlert .2s;animation:hideWizAlert .2s;}
/* sc-component-id: sc-eqIVtm */
.jxCHUp{width:100%;position:relative;} .jxCHUp .product-slider{width:100%;min-height:100%;overflow:hidden;margin:auto;} .jxCHUp .slides{display:-webkit-box;display:-webkit-flex;display:-ms-flexbox;display:flex;-webkit-flex-direction:row;-ms-flex-direction:row;flex-direction:row;width:100%;-webkit-transform:translateX(-100%);-ms-transform:translateX(-100%);transform:translateX(-100%);} .jxCHUp .slides .search-cards{width:100%;} .jxCHUp .product-card-slide-mobile{display:-webkit-box;display:-webkit-flex;display:-ms-flexbox;display:flex;-webkit-flex-direction:row;-ms-flex-direction:row;flex-direction:row;max-width:100vw;max-height:900px;-webkit-flex:0 0 100vw;-ms-flex:0 0 100vw;flex:0 0 100vw;-webkit-flex-wrap:wrap;-ms-flex-wrap:wrap;flex-wrap:wrap;} .jxCHUp .product-card-slide-mobile .product-search-card{width:50%;padding:5px;} .jxCHUp .product-card-slide-desktop{display:-webkit-box;display:-webkit-flex;display:-ms-flexbox;display:flex;-webkit-flex-direction:row;-ms-flex-direction:row;flex-direction:row;-webkit-flex:1 0 100%;-ms-flex:1 0 100%;flex:1 0 100%;width:inherit;} .jxCHUp .product-card-slide-desktop .product-search-card{width:NaN%;padding:5px;margin:auto;} .jxCHUp .banner-slide-mobile{display:-webkit-box;display:-webkit-flex;display:-ms-flexbox;display:flex;-webkit-flex-direction:row;-ms-flex-direction:row;flex-direction:row;width:100%;-webkit-flex:1 0 100%;-ms-flex:1 0 100%;flex:1 0 100%;-webkit-flex-wrap:wrap;-ms-flex-wrap:wrap;flex-wrap:wrap;} .jxCHUp .banner-slide-desktop{display:-webkit-box;display:-webkit-flex;display:-ms-flexbox;display:flex;-webkit-flex-direction:row;-ms-flex-direction:row;flex-direction:row;-webkit-flex:1 0 100%;-ms-flex:1 0 100%;flex:1 0 100%;width:100%;} .jxCHUp .banner-slide-desktop .banner-image{width:100%;} .jxCHUp .prev,.jxCHUp .next{position:absolute;top:42%;background-color:rgba(255,255,255,0.5);padding:10px;cursor:pointer;background-color:transparent;} .jxCHUp .prev .icon,.jxCHUp .next .icon{width:48px;height:48px;} .jxCHUp .prev{left:0px;} .jxCHUp .next{right:0px;} .jxCHUp .slider-indicator{display:-webkit-box;display:-webkit-flex;display:-ms-flexbox;display:flex;-webkit-flex-direction:row;-ms-flex-direction:row;flex-direction:row;-webkit-box-pack:center;-webkit-justify-content:center;-ms-flex-pack:center;justify-content:center;-webkit-align-items:center;-webkit-box-align:center;-ms-flex-align:center;align-items:center;gap:20px;min-height:20px;margin-top:10px;} .jxCHUp .slider-indicator .dot{background:rgba(0,0,0,0.2);height:8px;width:8px;border-radius:8px;} .jxCHUp .slider-indicator .dot.active{background:rgba(0,0,0);} .jxCHUp .slider-indicator .slider-icon-left,.jxCHUp .slider-indicator .slider-icon-right{font-size:22px;color:#9d9d9d;}
/* sc-component-id: sc-fAjcbJ */
.glfsbG{min-height:320px;} .glfsbG .banner-image-container{position:relative;width:inherit;height:auto;} .glfsbG .banner-image{width:100%;} .glfsbG .single-banner-image{width:100%;height:auto;}
/* sc-component-id: sc-TOsTZ */
.hZbswG{box-sizing:border-box;display:-webkit-box;display:-webkit-flex;display:-ms-flexbox;display:flex;-webkit-flex:0 1 auto;-ms-flex:0 1 auto;flex:0 1 auto;-webkit-flex-direction:row;-ms-flex-direction:row;flex-direction:row;-webkit-flex-wrap:wrap;-ms-flex-wrap:wrap;flex-wrap:wrap;margin-right:-0.5rem;margin-left:-0.5rem;}
/* sc-component-id: sc-kgAjT */
.kLIeeU{box-sizing:border-box;-webkit-flex:0 0 auto;-ms-flex:0 0 auto;flex:0 0 auto;padding-right:0.5rem;padding-left:0.5rem;} @media only screen and (min-width:0em){.kLIeeU{-webkit-flex-basis:100%;-ms-flex-preferred-size:100%;flex-basis:100%;max-width:100%;display:block;}}.dAKVvn{box-sizing:border-box;-webkit-flex:0 0 auto;-ms-flex:0 0 auto;flex:0 0 auto;padding-right:0.5rem;padding-left:0.5rem;} @media only screen and (min-width:0em){.dAKVvn{display:none;}} @media only screen and (min-width:48em){.dAKVvn{-webkit-flex-basis:100%;-ms-flex-preferred-size:100%;flex-basis:100%;max-width:100%;display:block;}}
/* sc-component-id: sc-cJSrbW */
.eSyTlS{--height:10px;--color:#EBF5E0;width:100%;border-bottom:var(--height) solid var(--color);} @media only screen and (min-width:768px){.eSyTlS{display:none;}}
/* sc-component-id: sc-hmzhuo */
.kXUXop{color:#3d3d3d;font-weight:400;text-transform:uppercase;}
/* sc-component-id: sc-frDJqD */
.dBBKqE{color:#3d3d3d;font-weight:400;text-transform:uppercase;color:#000000;font-size:16px;line-height:1.4em;text-transform:revert;font-weight:600;} @media only screen and (min-width:768px){.dBBKqE{font-size:1.2rem;line-height:1.6em;color:#3d3d3d;}}
/* sc-component-id: sc-kvZOFW */
.irSdyn{text-transform:uppercase;font-size:16px;font-weight:600;color:#00AFEF;border:1px solid #01a8e6;border-radius:5px;padding:0.5rem 1.5rem;} .irSdyn:hover{color:#ffffff;background-color:#00AFEF;} @media only screen and (min-width:1024px){.irSdyn{font-size:1.1rem;padding:0.5rem 3rem;}}
/* sc-component-id: sc-jbKcbu */
.dIfajg{padding:2rem;text-align:center;display:grid;grid-row-gap:1rem;place-items:center;} @media only screen and (min-width:768px){.dIfajg{border-top:1px solid #EAEAEA;}.dIfajg .force-break{display:none;}} @media only screen and (min-width:1024px){.dIfajg{-webkit-flex:1;-ms-flex:1;flex:1;border-top:0;}}
/* sc-component-id: sc-jqCOkK */
.hcVEsv{display:-webkit-box;display:-webkit-flex;display:-ms-flexbox;display:flex;-webkit-flex-direction:column;-ms-flex-direction:column;flex-direction:column;-webkit-align-items:center;-webkit-box-align:center;-ms-flex-align:center;align-items:center;margin-top:1rem;margin-bottom:1rem;padding:0 1rem;text-align:center;font-size:0.9rem;-webkit-box-pack:center;-webkit-justify-content:center;-ms-flex-pack:center;justify-content:center;font-weight:600;} @media only screen and (min-width:768px){.hcVEsv{-webkit-align-items:center;-webkit-box-align:center;-ms-flex-align:center;align-items:center;margin-bottom:0;padding:0;margin-left:4rem;}} @media only screen and (min-width:1200px){.hcVEsv{-webkit-align-items:flex-start;-webkit-box-align:flex-start;-ms-flex-align:flex-start;align-items:flex-start;margin-top:0;padding:1rem;padding-left:0;-webkit-flex:1;-ms-flex:1;flex:1;margin-left:4rem;}}
/* sc-component-id: sc-bbmXgH */
.hBjOzE{display:-webkit-box;display:-webkit-flex;display:-ms-flexbox;display:flex;-webkit-flex-direction:column;-ms-flex-direction:column;flex-direction:column;-webkit-align-items:center;-webkit-box-align:center;-ms-flex-align:center;align-items:center;margin-top:1.5rem;} .hBjOzE p{margin:0;font-weight:600;} .hBjOzE img{margin-top:0.5rem;width:3rem;}
/* sc-component-id: sc-gGBfsJ */
.cRnDjq .img-payment{width:100%;} @media only screen and (min-width:768px){.cRnDjq .assurance-message{color:#65a006;font-size:0.95rem;font-weight:400;line-height:1.4em;margin-top:0.5rem;}.cRnDjq .assurance-message img{width:1.25rem;height:1.4rem;margin-right:0.5rem;}}
/* sc-component-id: sc-jnlKLf */
.jkQjQC{display:-webkit-box;display:-webkit-flex;display:-ms-flexbox;display:flex;-webkit-flex-direction:column;-ms-flex-direction:column;flex-direction:column;-webkit-box-pack:center;-webkit-justify-content:center;-ms-flex-pack:center;justify-content:center;-webkit-align-items:center;-webkit-box-align:center;-ms-flex-align:center;align-items:center;} @media only screen and (min-width:360px){.jkQjQC{-webkit-flex-direction:row;-ms-flex-direction:row;flex-direction:row;-webkit-box-pack:start;-webkit-justify-content:flex-start;-ms-flex-pack:start;justify-content:flex-start;}} @media only screen and (min-width:411px){.jkQjQC{padding-left:1rem;}} @media only screen and (min-width:768px){.jkQjQC{-webkit-flex-direction:column;-ms-flex-direction:column;flex-direction:column;-webkit-box-pack:center;-webkit-justify-content:center;-ms-flex-pack:center;justify-content:center;padding:1rem 0;text-align:center;}.jkQjQC:not(:last-child){border-right:1px solid #EAEAEA;}} @media only screen and (min-width:1024px){.jkQjQC:nth-child(n+3){display:none;}}
/* sc-component-id: sc-fYxtnH */
.bdiRyf{margin-top:0.5rem;text-align:center;} .bdiRyf h3{color:black;font-size:0.9rem;font-weight:600;line-height:1.4em;} .bdiRyf p{color:#838383;font-size:0.8rem;font-weight:400;line-height:1.4em;white-space:nowrap;margin:0;} .bdiRyf p.desktop-subtitle{display:none;} @media only screen and (min-width:360px){.bdiRyf{margin-top:0;margin-left:0.5rem;text-align:revert;}} @media only screen and (min-width:375px){.bdiRyf h3{font-size:0.9rem;}} @media only screen and (min-width:768px){.bdiRyf{margin-top:1rem;margin-left:0px;}.bdiRyf h3{color:#3d3d3d;font-weight:600;}.bdiRyf p{margin-top:0.5rem;}.bdiRyf p.mobile-subtitle{display:none;}.bdiRyf p.desktop-subtitle{display:revert;}}
/* sc-component-id: sc-tilXH */
.iFpqSx{display:-webkit-box;display:-webkit-flex;display:-ms-flexbox;display:flex;-webkit-box-pack:center;-webkit-justify-content:center;-ms-flex-pack:center;justify-content:center;-webkit-align-items:center;-webkit-box-align:center;-ms-flex-align:center;align-items:center;width:40px;height:40px;border-radius:50%;} @media only screen and (min-width:768px){.iFpqSx{width:unset;height:unset;border:0px;}}
/* sc-component-id: sc-hEsumM */
.dzDxtL{background-color:#f8f8f8;padding:1rem;display:grid;grid-template-columns:1fr 1fr;grid-gap:1rem;-webkit-box-pack:center;-webkit-justify-content:center;-ms-flex-pack:center;justify-content:center;-webkit-align-items:flex-start;-webkit-box-align:flex-start;-ms-flex-align:flex-start;align-items:flex-start;} @media only screen and (min-width:360px){.dzDxtL{grid-template-columns:1fr 1fr;-webkit-box-pack:center;-webkit-justify-content:center;-ms-flex-pack:center;justify-content:center;-webkit-align-items:center;-webkit-box-align:center;-ms-flex-align:center;align-items:center;}} @media only screen and (min-width:768px){.dzDxtL{background-color:unset;padding:0 2rem;grid-template-columns:repeat(4,1fr);grid-gap:revert;-webkit-align-items:stretch;-webkit-box-align:stretch;-ms-flex-align:stretch;align-items:stretch;}} @media only screen and (min-width:1024px){.dzDxtL{-webkit-flex:1;-ms-flex:1;flex:1;grid-template-columns:repeat(2,1fr);}}
/* sc-component-id: sc-ktHwxA */
.kYnodd a{font-size:20px;padding-left:0.5rem;padding-right:0.5rem;} .kYnodd a i{color:#989898;} .kYnodd .socialEmailIcon{cursor:pointer;} @media only screen and (min-width:768px){.kYnodd a{font-size:2rem;padding-left:0.25em;padding-right:0.5em;}}
/* sc-component-id: sc-cIShpX */
.kWuotG{max-width:4%;display:inline-block;}
/* sc-component-id: sc-kafWEX */
.exhaRH{margin-top:8px;}
/* sc-component-id: sc-feJyhm */
.iaAHMR{display:-webkit-box;display:-webkit-flex;display:-ms-flexbox;display:flex;-webkit-flex-direction:column;-ms-flex-direction:column;flex-direction:column;margin-left:16px;}
/* sc-component-id: sc-cmTdod */
.fTBrUP{display:-webkit-box;display:-webkit-flex;display:-ms-flexbox;display:flex;-webkit-flex-direction:column;-ms-flex-direction:column;flex-direction:column;}
/* sc-component-id: sc-jwKygS */
.knfgmI{max-width:6%;display:inline-block;margin-top:8px;}
/* sc-component-id: sc-btzYZH */
.jCXbba{color:#747474;font-size:14px;font-weight:600;margin-bottom:8px;margin-top:8px;}
/* sc-component-id: sc-lhVmIH */
.lpnJni{padding:8px 16px 0px 16px;display:-webkit-box;display:-webkit-flex;display:-ms-flexbox;display:flex;-webkit-flex-direction:column;-ms-flex-direction:column;flex-direction:column;} .lpnJni i svg{color:#00afef;}
/* sc-component-id: sc-bYSBpT */
.hObbWj{display:-webkit-box;display:-webkit-flex;display:-ms-flexbox;display:flex;-webkit-flex-direction:column;-ms-flex-direction:column;flex-direction:column;}
/* sc-component-id: sc-elJkPf */
.eAZFtZ{position:relative;background:white;} .eAZFtZ .Footer__nav,.eAZFtZ .Footer__nav img{display:none;} .eAZFtZ .Footer__nav .best-brand-image{display:none;} .eAZFtZ .copyrightSocialContainer{-webkit-align-items:center;-webkit-box-align:center;-ms-flex-align:center;align-items:center;} .eAZFtZ .copyrightSocialContainer .social-container{padding-top:1rem;margin-bottom:17px;} @media only screen and (max-width:420px){.eAZFtZ .copyrightSocialContainer .social-container{margin-bottom:22px;}} .eAZFtZ .copyrightSocialContainer .app-icons-wrap{display:-webkit-box;display:-webkit-flex;display:-ms-flexbox;display:flex;-webkit-flex-direction:row;-ms-flex-direction:row;flex-direction:row;-webkit-box-pack:center;-webkit-justify-content:center;-ms-flex-pack:center;justify-content:center;margin:20px 10px 0px 20px;} .eAZFtZ .copyrightSocialContainer .store-image{margin-right:10px;} .eAZFtZ .for-desktop{display:none;} @media only screen and (min-width:768px){.eAZFtZ{margin:0rem 6rem;}.eAZFtZ .for-mobile{display:none;}.eAZFtZ .for-desktop{display:initial;}.eAZFtZ .content-wrapper{border-top:1px solid #EAEAEA;}.eAZFtZ .payment-certifications-container{border-top:1px solid #EAEAEA;-webkit-box-pack:justify;-webkit-justify-content:space-between;-ms-flex-pack:justify;justify-content:space-between;width:100%;}.eAZFtZ .payment-certifications-container > div{width:50%;}.eAZFtZ .Footer__nav{margin-top:1rem;display:-webkit-box;display:-webkit-flex;display:-ms-flexbox;display:flex;-webkit-box-pack:justify;-webkit-justify-content:space-between;-ms-flex-pack:justify;justify-content:space-between;font-size:15px;padding:1rem 4rem 1rem;border-top:1px solid #EAEAEA;}.eAZFtZ .Footer__nav .links-container{-webkit-flex:1 0 auto;-ms-flex:1 0 auto;flex:1 0 auto;}.eAZFtZ .Footer__nav li{margin-top:15px;}.eAZFtZ .Footer__nav .links-col a{font-weight:300;font-size:1rem;line-height:1.4em;}.eAZFtZ .Footer__nav .links-col a:hover{color:#027DAC;}.eAZFtZ .Footer__nav .links-col a:active{background:rgb(0,119,163);}.eAZFtZ .copyrightSocialContainer{-webkit-align-items:center;-webkit-box-align:center;-ms-flex-align:center;align-items:center;}.eAZFtZ .copyrightSocialContainer .social-container{text-align:center;padding:1rem 0;border-top:1px solid #EAEAEA;border-bottom:1px solid #EAEAEA;}.eAZFtZ .copyrightSocialContainer .social-container .sc-hmzhuo{display:block;}.eAZFtZ .copyrightSocialContainer .social-container span.heart-icon{color:#F04438;vertical-align:text-bottom;margin:0 0.25rem;}.eAZFtZ .copyrightSocialContainer .mobile-policy-links{display:none;}.eAZFtZ .copyrightSocialContainer .copyright-container{text-align:center;padding:1rem 0;font-weight:400;}.eAZFtZ .gap{display:none;}.eAZFtZ .mobile-Footer__nav{display:none;}} @media only screen and (min-width:1024px){.eAZFtZ{padding:1rem 1rem 1.5rem;}.eAZFtZ .content-wrapper{border:1px solid #EAEAEA;}.eAZFtZ .Footer__nav .links-container .best-brand-image{display:revert;width:150px;height:255px;}.eAZFtZ .Footer__nav .links-container .store-image{display:revert;margin-right:10px;}.eAZFtZ .features-contact-us-container{display:-webkit-box;display:-webkit-flex;display:-ms-flexbox;display:flex;}} @media only screen and (min-width:1200px){.eAZFtZ{padding:1rem 1rem 1.5rem;}.eAZFtZ .payment-certifications-container{width:100%;-webkit-flex-direction:row;-ms-flex-direction:row;flex-direction:row;}.eAZFtZ .Footer__nav{margin-top:0;}.eAZFtZ .hide-desktop{display:none;}}.iihPHF{position:relative;background:white;} .iihPHF .Footer__nav,.iihPHF .Footer__nav img{display:none;} .iihPHF .Footer__nav .best-brand-image{display:none;} .iihPHF .copyrightSocialContainer{-webkit-align-items:center;-webkit-box-align:center;-ms-flex-align:center;align-items:center;} .iihPHF .copyrightSocialContainer .social-container{padding-top:1rem;margin-bottom:17px;} @media only screen and (max-width:420px){} .iihPHF .copyrightSocialContainer .app-icons-wrap{display:-webkit-box;display:-webkit-flex;display:-ms-flexbox;display:flex;-webkit-flex-direction:row;-ms-flex-direction:row;flex-direction:row;-webkit-box-pack:center;-webkit-justify-content:center;-ms-flex-pack:center;justify-content:center;margin:20px 10px 0px 20px;} .iihPHF .copyrightSocialContainer .store-image{margin-right:10px;} .iihPHF .for-desktop{display:none;} @media only screen and (min-width:768px){.iihPHF{margin:0rem 6rem;}.iihPHF .for-mobile{display:none;}.iihPHF .for-desktop{display:initial;}.iihPHF .content-wrapper{border-top:1px solid #EAEAEA;}.iihPHF .payment-certifications-container{border-top:1px solid #EAEAEA;-webkit-box-pack:justify;-webkit-justify-content:space-between;-ms-flex-pack:justify;justify-content:space-between;width:100%;}.iihPHF .payment-certifications-container > div{width:50%;}.iihPHF .Footer__nav{margin-top:1rem;display:-webkit-box;display:-webkit-flex;display:-ms-flexbox;display:flex;-webkit-box-pack:justify;-webkit-justify-content:space-between;-ms-flex-pack:justify;justify-content:space-between;font-size:15px;padding:1rem 4rem 1rem;border-top:1px solid #EAEAEA;}.iihPHF .Footer__nav .links-container{-webkit-flex:1 0 auto;-ms-flex:1 0 auto;flex:1 0 auto;}.iihPHF .Footer__nav li{margin-top:15px;}.iihPHF .Footer__nav .links-col a{font-weight:300;font-size:1rem;line-height:1.4em;}.iihPHF .Footer__nav .links-col a:hover{color:#027DAC;}.iihPHF .Footer__nav .links-col a:active{background:rgb(0,119,163);}.iihPHF .copyrightSocialContainer{-webkit-align-items:center;-webkit-box-align:center;-ms-flex-align:center;align-items:center;}.iihPHF .copyrightSocialContainer .social-container{text-align:center;padding:1rem 0;border-top:1px solid #EAEAEA;border-bottom:1px solid #EAEAEA;}.iihPHF .copyrightSocialContainer .social-container .sc-hmzhuo{display:block;}.iihPHF .copyrightSocialContainer .social-container span.heart-icon{color:#F04438;vertical-align:text-bottom;margin:0 0.25rem;}.iihPHF .copyrightSocialContainer .mobile-policy-links{display:none;}.iihPHF .copyrightSocialContainer .copyright-container{text-align:center;padding:1rem 0;font-weight:400;}.iihPHF .gap{display:none;}.iihPHF .mobile-Footer__nav{display:none;}} @media only screen and (min-width:1024px){.iihPHF{padding:1rem 1rem 1.5rem;}.iihPHF .content-wrapper{border:1px solid #EAEAEA;}.iihPHF .Footer__nav .links-container .best-brand-image{display:revert;width:150px;height:255px;}.iihPHF .Footer__nav .links-container .store-image{display:revert;margin-right:10px;}.iihPHF .features-contact-us-container{display:-webkit-box;display:-webkit-flex;display:-ms-flexbox;display:flex;}} @media only screen and (min-width:1200px){.iihPHF{padding:1rem 1rem 1.5rem;}.iihPHF .payment-certifications-container{width:100%;-webkit-flex-direction:row;-ms-flex-direction:row;flex-direction:row;}.iihPHF .Footer__nav{margin-top:0;}.iihPHF .hide-desktop{display:none;}}
/* sc-component-id: sc-hMFtBS */
.beoSbI .homepage-component{padding:0px;} @media screen and (min-width:1200px){.beoSbI .homepage-component{padding:0px 8vw;}} @media screen and (min-width:1600px){.beoSbI .homepage-component{padding:0px 12vw;}}</style><script defer="">
    function uuidv4() {
        return ([1e7]+-1e3+-4e3+-8e3+-1e11).replace(/[018]/g, c =>
        (c ^ crypto.getRandomValues(new Uint8Array(1))[0] & 15 >> c / 4).toString(16));
    }
    
    let webId = window.localStorage.getItem('device_id')
    if(!webId){
        webId = uuidv4();
        window.localStorage.setItem('device_id', JSON.stringify(webId));
        window.localStorage.setItem('setDeviceIdOnAB',JSON.stringify(true));
    }
    webId = webId && webId.replace(/"/g, '')
    brandId = '1'
    const response = fetch(
        'https://cdp-nd-api.honasa-production.net' + '/v1/experiment/' + brandId + '/' + webId, {
        method: 'GET',
        headers: {
            'username': 'hui_personalization_cust360',
            'password': 'sjbshcbjbh2bk2jupeddated3hd89h8hd3h983d'
        }
    })

    let mefe = {};
    let experiments = [];
   let variants = [];
   let experimentIds='';
   let variantIds='';

    response.then((response) => {
        response.json().then((experimentData) => {
            if (typeof window !== 'undefined') {
                window._me_fe_ = {}
                window.cdp_ab_exp=experimentData;

                experimentData.forEach(exp => {
                    window._me_fe_[exp.flag.key] = exp.flag.value;
                    let flagKey = exp?.flag?.key;
                    let flagVal = exp?.flag?.value;
                  if(flagKey){
                    mefe = mefe || {};
                   mefe[flagKey] = flagVal;
                     } 
                 if(exp?.experimentId){
                    experiments.push(exp?.experimentId)
                  }
                if(exp?.variantId){
                     variants.push(exp?.variantId);
                  }
                })
                // window.localStorage.setItem('_me_fe_', JSON.stringify(window._me_fe_));
                experimentIds = experiments && experiments?.join?.(",");
                variantIds = variants && variants?.join?.(",");
                let cdpExp = {
                    variants:mefe,
                    experimentIds,
                    variantIds,
                    device_id:webId
                }
                window.cdp_ab_exp=cdpExp;
                window.localStorage.setItem('cdp_ab_exp', JSON.stringify(cdpExp));
                if(typeof window !== "undefined" && window.dataLayer && cdp_ab_exp && cdp_ab_exp?.device_id){
                    dataLayer.push({
                        event:'pageview_custom',
                        experiment_id:cdp_ab_exp?.experimentIds ,
                        device_id: cdp_ab_exp?.device_id,
                        variant_id: cdp_ab_exp?.variantIds,
                        type:'page_load'
                      })
                    }
            }
        })
    })
</script><script defer="">
      
      window.dataLayer = [];
      dataLayer.push({
        originalLocation: document.location.protocol + '//' +
          document.location.hostname +
          document.location.pathname +
          document.location.search,
        isServerless: true
      })</script><script>
						(function(w,d,s,l,i){w[l]=w[l]||[];w[l].push({'gtm.start':
						new Date().getTime(),event:'gtm.js'});var f=d.getElementsByTagName(s)[0],
						j=d.createElement(s),dl=l!='dataLayer'?'&l='+l:'';j.async=true;j.defer=true;j.src=
						'https://www.googletagmanager.com/gtm.js?id='+i+dl;f.parentNode.insertBefore(j,f);
						})(window,document,'script','dataLayer','GTM-NRTJCK6');
					</script><noscript data-n-css=""></noscript><script defer="" nomodule="" src="https://assets.mamaearth.in/_next/static/chunks/polyfills-c67a75d1b6f99dc8.js"></script><script src="https://assets.mamaearth.in/config/newrelic/newrelic.js" defer="" data-nscript="beforeInteractive"></script><script defer="" src="https://assets.mamaearth.in/_next/static/chunks/4074.3cf407657d87a856.js"></script><script src="https://assets.mamaearth.in/_next/static/chunks/webpack-bb013086b0c4edee.js" defer=""></script><script src="https://assets.mamaearth.in/_next/static/chunks/framework-0e97196476b5bb89.js" defer=""></script><script src="https://assets.mamaearth.in/_next/static/chunks/main-1c4da54a0299d8ed.js" defer=""></script><script src="https://assets.mamaearth.in/_next/static/chunks/pages/_app-f065133053ec8265.js" defer=""></script><script src="https://assets.mamaearth.in/_next/static/chunks/fec483df-86472e5626c7cd0e.js" defer=""></script><script src="https://assets.mamaearth.in/_next/static/chunks/3082-a5778bd0be7ab4ba.js" defer=""></script><script src="https://assets.mamaearth.in/_next/static/chunks/6817-6d304d61716b6b5a.js" defer=""></script><script src="https://assets.mamaearth.in/_next/static/chunks/7605-c7d7d836f3273c9a.js" defer=""></script><script src="https://assets.mamaearth.in/_next/static/chunks/pages/index-5196fe622a780c59.js" defer=""></script><script src="https://assets.mamaearth.in/_next/static/LmBuwupWRFerUDJgoBTl-/_buildManifest.js" defer=""></script><script src="https://assets.mamaearth.in/_next/static/LmBuwupWRFerUDJgoBTl-/_ssgManifest.js" defer=""></script></head><body style="height:100%"><noscript><iframe src="https://www.googletagmanager.com/ns.html?id=GTM-NRTJCK6" height="0" width="0" style="display:none;visibility:hidden"></iframe></noscript><div id="cart-root"></div><div id="login-root"></div><div id="__next" data-reactroot=""><div class="sc-bxivhb hLFsOk"><div class="sc-htpNat iWTeof"><ul class="sc-bdVaJa ioJazy"><li class="sc-bwzfXH bFHdpU"><a href="/were-safe-2">Asia&#x27;s 1st Brand with MADE SAFE Certified Products</a></li><li class="sc-bwzfXH bFHdpU"><div><a class="link-color" href="/wow-wednesday-offer">Buy Any 3 Products @ FLAT899 on Selected Products | Shop Now</a></div></li></ul></div></div><div class="sc-bRBYWo fVKbxB"><div class="sc-Rmtcm biyYQT"><div><div class="legacy search-row"><div class="sc-chPdSV gxqRUD sc-kgoBCf kVSTZj"><i><svg xmlns="http://www.w3.org/2000/svg" width="29.872" height="25.061" viewBox="0 0 29.872 25.061" data-locator-target="vscode" style="fill:#00AFEF"><g fill="transparent" stroke="transparent"><path stroke="none" d="M0 0h29.872v25.061H0z"></path><path fill="none" d="M.5.5h28.872v24.061H.5z"></path></g><g transform="translate(-10.75 -80.053)"><rect class="menu_bar path-selector" width="19.872" height="1.673" rx="0.837" transform="translate(15.75 98.44)"></rect><rect class="menu_bar path-selector" width="19.872" height="1.673" rx="0.837" transform="translate(15.75 85.053)"></rect><rect class="menu_bar path-selector" width="15.898" height="1.673" rx="0.837" transform="translate(15.75 91.746)"></rect></g></svg></i></div><div class="honasa-logo-wrapper"><img alt="logo" class="logo" src="https://images.mamaearth.in/wysiwyg/mamaearth-logo.png?format=auto&amp;fit=scale" fetchpriority="low"/></div><img class="gif" src="https://images.mamaearth.in/svg/gi-home-button.svg" height="36px" width="auto" alt="Become-Gi"/><div class="flex"><div class="sc-gzVnrw grDjeK"><div class="sc-bZQynM dimBhZ cart-trigger"><div class="sc-EHOje cPlVXv cart-icon-container"><i class="cart-icon"><svg id="shopping_cart_black_24dp" xmlns="http://www.w3.org/2000/svg" width="24" height="24" viewBox="0 0 24 24"><path id="Path_17357" data-name="Path 17357" d="M0,0H24V24H0Z" fill="none"></path><path id="Path_17358" data-name="Path 17358" d="M15.55,13a1.991,1.991,0,0,0,1.75-1.03l3.58-6.49A1,1,0,0,0,20.01,4H5.21L4.27,2H1V4H3l3.6,7.59L5.25,14.03A2,2,0,0,0,7,17H19V15H7l1.1-2ZM6.16,6H18.31l-2.76,5H8.53ZM7,18a2,2,0,1,0,2,2A2,2,0,0,0,7,18Zm10,0a2,2,0,1,0,2,2A2,2,0,0,0,17,18Z" fill="#00AFEF"></path></svg></i></div><div class="icon-label">Cart</div></div></div><div><div class="sc-iAyFgw jNwXbb user-account-trigger"><div class="sc-kkGfuU exgkHx"><div class="hide-1024"><div class="sc-chPdSV gxqRUD sc-kgoBCf kVSTZj"><i><svg width="14.514" height="17.355" viewBox="0 0 14.514 17.355" class="user-account-icon"><defs><style>.user_account{stroke:currentcolor}</style></defs><path d="M7.257 8.222A3.861 3.861 0 103.4 4.361a3.861 3.861 0 003.857 3.861zM9.96 10.1h-.5a5.251 5.251 0 01-4.4 0h-.5A4.055 4.055 0 00.5 14.152v1.255a1.448 1.448 0 001.448 1.448h10.618a1.448 1.448 0 001.448-1.448v-1.255A4.055 4.055 0 009.96 10.1z" fill="none" class="user_account path-selector"></path></svg></i></div></div><i class="display-1024"><svg width="14.514" height="17.355" viewBox="0 0 14.514 17.355"><defs><style>.user_account{stroke:currentcolor}</style></defs><path d="M7.257 8.222A3.861 3.861 0 103.4 4.361a3.861 3.861 0 003.857 3.861zM9.96 10.1h-.5a5.251 5.251 0 01-4.4 0h-.5A4.055 4.055 0 00.5 14.152v1.255a1.448 1.448 0 001.448 1.448h10.618a1.448 1.448 0 001.448-1.448v-1.255A4.055 4.055 0 009.96 10.1z" fill="none" class="user_account path-selector"></path></svg></i></div><div class="icon-label">Login</div></div></div></div></div><nav class="sc-hMqMXs gKcgTu categories-row"><ul class="mainMenu"><li class="category"><a class="" href="/">Home</a></li><li class="category"><a class="" href="/product-category/skin">Face</a><div class="sc-eNQAEJ iKBhhg mega-dropdown"><div class="sc-ckVGcZ iApJMV"><div class="sc-dxgOiQ dFnzHs">Explore</div><a class="sc-kpOJdX hgUZfJ" href="/product-category/new-launches">New Launches</a><a class="sc-kpOJdX hgUZfJ" href="/product-category/best-seller">Best Sellers</a><a class="sc-kpOJdX hgUZfJ" href="/product-category/combos">Combos</a><a class="sc-kpOJdX hgUZfJ" href="/product-category/gift-packs">Gift Packs</a></div><div class="sc-ckVGcZ iApJMV"><a class="sc-kGXeez mJOOh" href="/product-category/skin">Face</a><a class="sc-kpOJdX hgUZfJ" href="/product-category/face-wash">Face Wash</a><a class="sc-kpOJdX hgUZfJ" href="/product-category/sunscreen">Sunscreen</a><a class="sc-kpOJdX hgUZfJ" href="/product-category/face-serum">Face Serum</a><a class="sc-kpOJdX hgUZfJ" href="/product-category/face-cream">Face Cream</a><a class="sc-kpOJdX hgUZfJ" href="/product-category/face-moisturizer">Face Moisturizer</a><a class="sc-kpOJdX hgUZfJ" href="/product-category/face-mask">Face Mask</a><a class="sc-kpOJdX hgUZfJ" href="/product-category/facial-kits">Facial Kits</a><a class="sc-kpOJdX hgUZfJ" href="/product-category/face-scrub">Face Scrub</a><a class="sc-kpOJdX hgUZfJ" href="/product-category/skin">See All</a></div><div class="sc-jKJlTe gkXUGa"><a class="view-all-link" href="/product-category/skin">See All</a></div></div></li><li class="category"><a class="" href="/product-category/hair">Hair</a><div class="sc-eNQAEJ iKBhhg mega-dropdown"><div class="sc-ckVGcZ iApJMV"><div class="sc-dxgOiQ dFnzHs">Explore</div><a class="sc-kpOJdX hgUZfJ" href="/product-category/new-launches">New Launches</a><a class="sc-kpOJdX hgUZfJ" href="/product-category/best-seller">Best Sellers</a><a class="sc-kpOJdX hgUZfJ" href="/product-category/combos">Combos</a><a class="sc-kpOJdX hgUZfJ" href="/product-category/gift-packs">Gift Packs</a></div><div class="sc-ckVGcZ iApJMV"><a class="sc-kGXeez mJOOh" href="/product-category/hair">Hair</a><a class="sc-kpOJdX hgUZfJ" href="/product-category/hair-shampoo">Shampoo</a><a class="sc-kpOJdX hgUZfJ" href="/product-category/hair-oil">Hair Oil</a><a class="sc-kpOJdX hgUZfJ" href="/product-category/hair-conditioner">Conditioner</a><a class="sc-kpOJdX hgUZfJ" href="/product-category/hair-serum">Hair Serum</a><a class="sc-kpOJdX hgUZfJ" href="/product-category/hair-mask">Hair Mask</a><a class="sc-kpOJdX hgUZfJ" href="/product-category/hair">See All</a></div><div class="sc-jKJlTe gkXUGa"><a class="view-all-link" href="/product-category/hair">See All</a></div></div></li><li class="category"><a class="" href="/product-category/makeup-products">Makeup</a><div class="sc-eNQAEJ iKBhhg mega-dropdown"><div class="sc-ckVGcZ iApJMV"><div class="sc-dxgOiQ dFnzHs">Explore</div><a class="sc-kpOJdX hgUZfJ" href="/product-category/new-launches">New Launches</a><a class="sc-kpOJdX hgUZfJ" href="/product-category/best-seller">Best Sellers</a><a class="sc-kpOJdX hgUZfJ" href="/product-category/combos">Combos</a><a class="sc-kpOJdX hgUZfJ" href="/product-category/gift-packs">Gift Packs</a></div><div class="sc-ckVGcZ iApJMV"><a class="sc-kGXeez mJOOh" href="/product-category/makeup-products">Makeup</a><a class="sc-kpOJdX hgUZfJ" href="/product-category/lipsticks">Lipsticks</a><a class="sc-kpOJdX hgUZfJ" href="/product-category/foundation">Foundation</a><a class="sc-kpOJdX hgUZfJ" href="/product-category/eye-kajal">Kajal</a><a class="sc-kpOJdX hgUZfJ" href="/product-category/compact-powder">Compact</a><a class="sc-kpOJdX hgUZfJ" href="/product-category/lip-balm">Lip Balm</a><a class="sc-kpOJdX hgUZfJ" href="/product-category/concealer">Concealer</a><a class="sc-kpOJdX hgUZfJ" href="/product-category/makeup-products">See All</a></div><div class="sc-jKJlTe gkXUGa"><a class="view-all-link" href="/product-category/makeup-products">See All</a></div></div></li><li class="category"><a class="" href="/product-category/body">Body</a><div class="sc-eNQAEJ iKBhhg mega-dropdown"><div class="sc-ckVGcZ iApJMV"><div class="sc-dxgOiQ dFnzHs">Explore</div><a class="sc-kpOJdX hgUZfJ" href="/product-category/new-launches">New Launches</a><a class="sc-kpOJdX hgUZfJ" href="/product-category/best-seller">Best Sellers</a><a class="sc-kpOJdX hgUZfJ" href="/product-category/combos">Combos</a><a class="sc-kpOJdX hgUZfJ" href="/product-category/gift-packs">Gift Packs</a></div><div class="sc-ckVGcZ iApJMV"><a class="sc-kGXeez mJOOh" href="/product-category/body">Body</a><a class="sc-kpOJdX hgUZfJ" href="/product-category/body-lotion">Body Lotion</a><a class="sc-kpOJdX hgUZfJ" href="/product-category/bathing-soap">Soap</a><a class="sc-kpOJdX hgUZfJ" href="/product-category/body-wash">Body Wash</a><a class="sc-kpOJdX hgUZfJ" href="/product-category/body">See All</a></div><div class="sc-jKJlTe gkXUGa"><a class="view-all-link" href="/product-category/body">See All</a></div></div></li><li class="category"><a class="" href="/product-category/for-babies">Baby</a><div class="sc-eNQAEJ iKBhhg mega-dropdown"><div class="sc-ckVGcZ iApJMV"><div class="sc-dxgOiQ dFnzHs">Explore</div><a class="sc-kpOJdX hgUZfJ" href="/product-category/new-launches">New Launches</a><a class="sc-kpOJdX hgUZfJ" href="/product-category/best-seller">Best Sellers</a><a class="sc-kpOJdX hgUZfJ" href="/product-category/combos">Combos</a><a class="sc-kpOJdX hgUZfJ" href="/product-category/gift-packs">Gift Packs</a></div><div class="sc-ckVGcZ iApJMV"><a class="sc-kGXeez mJOOh" href="/product-category/for-babies">Baby</a><a class="sc-kpOJdX hgUZfJ" href="/product-category/baby-shampoo">Baby Shampoo</a><a class="sc-kpOJdX hgUZfJ" href="/product-category/baby-skin">Baby Wash</a><a class="sc-kpOJdX hgUZfJ" href="/product-category/baby-body-lotion">Baby Body Lotion</a><a class="sc-kpOJdX hgUZfJ" href="/product-category/baby-soap">Baby Soap</a><a class="sc-kpOJdX hgUZfJ" href="/product-category/baby-oil">Baby Oil</a><a class="sc-kpOJdX hgUZfJ" href="/product-category/for-babies">See All</a></div><div class="sc-jKJlTe gkXUGa"><a class="view-all-link" href="/product-category/for-babies">See All</a></div></div></li><li class="category"><a class="" href="/product-category/combos">Combos</a><div class="sc-eNQAEJ iKBhhg mega-dropdown"><div class="sc-ckVGcZ iApJMV"><div class="sc-dxgOiQ dFnzHs">Explore</div><a class="sc-kpOJdX hgUZfJ" href="/product-category/new-launches">New Launches</a><a class="sc-kpOJdX hgUZfJ" href="/product-category/best-seller">Best Sellers</a><a class="sc-kpOJdX hgUZfJ" href="/product-category/combos">Combos</a><a class="sc-kpOJdX hgUZfJ" href="/product-category/gift-packs">Gift Packs</a></div><div class="sc-ckVGcZ iApJMV"><a class="sc-kGXeez mJOOh" href="/product-category/combos">Combos</a><a class="sc-kpOJdX hgUZfJ" href="/product-category/combos">Combos</a><a class="sc-kpOJdX hgUZfJ" href="/product-category/gift-packs">Kits</a></div><div class="sc-jKJlTe gkXUGa"><a class="view-all-link" href="/product-category/combos">See All</a></div></div></li><li class="category"><a class="" href="/product-category/new-launches">New Launches</a></li><li class="category"><a class="" href="/product-category/ingredient">Ingredient</a><div class="sc-eNQAEJ iKBhhg mega-dropdown"><div class="sc-ckVGcZ iApJMV"><div class="sc-dxgOiQ dFnzHs">Explore</div><a class="sc-kpOJdX hgUZfJ" href="/product-category/new-launches">New Launches</a><a class="sc-kpOJdX hgUZfJ" href="/product-category/best-seller">Best Sellers</a><a class="sc-kpOJdX hgUZfJ" href="/product-category/combos">Combos</a><a class="sc-kpOJdX hgUZfJ" href="/product-category/gift-packs">Gift Packs</a></div><div class="sc-ckVGcZ iApJMV"><a class="sc-kGXeez mJOOh" href="/product-category/ingredient">Ingredient</a><a class="sc-kpOJdX hgUZfJ" href="/product-category/vitamin-c">Vitamin C</a><a class="sc-kpOJdX hgUZfJ" href="/product-category/onion-products">Onion</a><a class="sc-kpOJdX hgUZfJ" href="/product-category/ubtan">Ubtan</a><a class="sc-kpOJdX hgUZfJ" href="/product-category/rosemary-range">Rosemary</a><a class="sc-kpOJdX hgUZfJ" href="/product-category/rice-range">Rice</a><a class="sc-kpOJdX hgUZfJ" href="/product-category/beetroot">Beetroot</a><a class="sc-kpOJdX hgUZfJ" href="/product-category/aloe-vera-range">Aloe Vera</a><a class="sc-kpOJdX hgUZfJ" href="/product-category/tea-tree-range">Tea Tree</a><a class="sc-kpOJdX hgUZfJ" href="/product-category/multani">Multani Mitti</a><a class="sc-kpOJdX hgUZfJ" href="/product-category/hibiscus">Hibiscus</a><a class="sc-kpOJdX hgUZfJ" href="/product-category/charcoal-range">Charcoal</a><a class="sc-kpOJdX hgUZfJ" href="/product-category/bhringamla">Bhringamla</a><a class="sc-kpOJdX hgUZfJ" href="/product-category/honey-malai">Honey Malai</a><a class="sc-kpOJdX hgUZfJ" href="/product-category/ingredient">See All</a></div><div class="sc-jKJlTe gkXUGa"><a class="view-all-link" href="/product-category/ingredient">See All</a></div></div></li><li class="category"><a class="" href="/shop">All Products</a></li><li class="category"><a href="https://mamaearth.in/blog/">Blog</a></li><li class="category"><a class="" href="/plant">Plant Goodness</a></li><li class="category"><a class="" href="/mamaearth-store">Store Locator</a></li></ul></nav></div><div class="sc-jlyJG dpbCbv"></div></div></div><div><img width="999" height="999" style="pointer-events:none;position:absolute;top:0;left:0;width:99vw;height:50vh;max-width:99vw;max-height:50vh" src="data:image/svg+xml;base64,PD94bWwgdmVyc2lvbj0iMS4wIiBlbmNvZGluZz0iVVRGLTgiPz48c3ZnIHdpZHRoPSI5OTk5OXB4IiBoZWlnaHQ9Ijk5OTk5cHgiIHZpZXdCb3g9IjAgMCA5OTk5OSA5OTk5OSIgdmVyc2lvbj0iMS4xIiB4bWxucz0iaHR0cDovL3d3dy53My5vcmcvMjAwMC9zdmciIHhtbG5zOnhsaW5rPSJodHRwOi8vd3d3LnczLm9yZy8xOTk5L3hsaW5rIj48ZyBzdHJva2U9Im5vbmUiIGZpbGw9Im5vbmUiIGZpbGwtb3BhY2l0eT0iMCI+PHJlY3QgeD0iMCIgeT0iMCIgd2lkdGg9Ijk5OTk5IiBoZWlnaHQ9Ijk5OTk5Ij48L3JlY3Q+IDwvZz4gPC9zdmc+" alt="lcp-optimiser"/></div><div></div><div class="sc-hMFtBS beoSbI"><div class="sc-fAjcbJ glfsbG banner-slider-wrapper"><div class="sc-eqIVtm jxCHUp"><div class="product-slider"><div class="slides" id="slides"><div class="banner-slide-desktop"><link rel="preload" fetchpriority="high" as="image" src="https://st-images.honasa.in/Desktop_CTA_0257c4dd17.jpg?format=auto&amp;width=&amp;qualilty=" type="image/jpeg"/><div class="banner-image-container"><img loading="lazy" title="EDP Desktop Banner" alt="WOW" src="" class="banner-image" fetchpriority="high"/></div></div><div class="banner-slide-desktop"><link rel="preload" fetchpriority="high" as="image" src="https://st-images.honasa.in/web_wt_97dfbe0115.jpg?format=auto&amp;width=&amp;qualilty=" type="image/jpeg"/><div class="banner-image-container"><img loading="eager" title="OMG | WEB" alt="WOW" src="https://st-images.honasa.in/web_wt_97dfbe0115.jpg?format=auto&amp;width=&amp;qualilty=" class="banner-image" fetchpriority="high"/></div></div><div class="banner-slide-desktop"><link rel="preload" fetchpriority="high" as="image" src="https://st-images.honasa.in/Desktop_CTA_0257c4dd17.jpg?format=auto&amp;width=&amp;qualilty=" type="image/jpeg"/><div class="banner-image-container"><img loading="lazy" title="EDP Desktop Banner" alt="WOW" src="" class="banner-image" fetchpriority="high"/></div></div><div class="banner-slide-desktop"><link rel="preload" fetchpriority="high" as="image" src="https://st-images.honasa.in/web_wt_97dfbe0115.jpg?format=auto&amp;width=&amp;qualilty=" type="image/jpeg"/><div class="banner-image-container"><img loading="lazy" title="OMG | WEB" alt="WOW" src="" class="banner-image" fetchpriority="high"/></div></div></div></div><div class="sc-dVhcbM jAvQgi slider-indicator"><button class="prev"><link rel="preload" fetchpriority="high" as="image" src="https://images.mamaearth.in/svg/chevron-left-white.svg"/><img src="https://images.mamaearth.in/svg/chevron-left-white.svg" alt="Prev" class="icon"/></button><button class="next"><link rel="preload" fetchpriority="high" as="image" src="https://images.mamaearth.in/svg/chevron-right-white.svg"/><img src="https://images.mamaearth.in/svg/chevron-right-white.svg" alt="Next" class="icon"/></button></div></div></div><div class="homepage-component"><div class="lazyload-wrapper "><div class="lazyload-placeholder"></div></div><div class="lazyload-wrapper "><div class="lazyload-placeholder"></div></div><div class="lazyload-wrapper " style="min-height:300px"><div style="width:100%;margin-top:2rem" class="sc-htpNat edrZqW"><svg aria-labelledby="placeholder-home-page-aria" role="img" width="300" height="160" viewBox="0 0 400 160"><title id="placeholder-home-page-aria">Loading...</title><rect role="presentation" x="0" y="0" width="100%" height="100%" clip-path="url(#placeholder-home-page-diff)" style="fill:url(#placeholder-home-page-animated-diff)"></rect><defs role="presentation"><clipPath id="placeholder-home-page-diff"><rect x="48" y="8" rx="3" ry="3" width="88" height="6"></rect><rect x="48" y="26" rx="3" ry="3" width="52" height="6"></rect><rect x="0" y="56" rx="3" ry="3" width="410" height="6"></rect><rect x="0" y="72" rx="3" ry="3" width="380" height="6"></rect><rect x="0" y="88" rx="3" ry="3" width="178" height="6"></rect><circle cx="20" cy="20" r="20"></circle></clipPath><linearGradient id="placeholder-home-page-animated-diff"><stop offset="0%" stop-color="#f3f3f3" stop-opacity="1"><animate attributeName="offset" values="-2; -2; 1" keyTimes="0; 0.25; 1" dur="2s" repeatCount="indefinite"></animate></stop><stop offset="50%" stop-color="#a1a1a1" stop-opacity="1"><animate attributeName="offset" values="-1; -1; 2" keyTimes="0; 0.25; 1" dur="2s" repeatCount="indefinite"></animate></stop><stop offset="100%" stop-color="#f3f3f3" stop-opacity="1"><animate attributeName="offset" values="0; 0; 3" keyTimes="0; 0.25; 1" dur="2s" repeatCount="indefinite"></animate></stop></linearGradient></defs></svg></div></div><div class="lazyload-wrapper " style="min-height:283px"><div style="width:100%;margin-top:2rem" class="sc-htpNat edrZqW"><svg aria-labelledby="placeholder-home-page-aria" role="img" width="300" height="160" viewBox="0 0 400 160"><title id="placeholder-home-page-aria">Loading...</title><rect role="presentation" x="0" y="0" width="100%" height="100%" clip-path="url(#placeholder-home-page-diff)" style="fill:url(#placeholder-home-page-animated-diff)"></rect><defs role="presentation"><clipPath id="placeholder-home-page-diff"><rect x="48" y="8" rx="3" ry="3" width="88" height="6"></rect><rect x="48" y="26" rx="3" ry="3" width="52" height="6"></rect><rect x="0" y="56" rx="3" ry="3" width="410" height="6"></rect><rect x="0" y="72" rx="3" ry="3" width="380" height="6"></rect><rect x="0" y="88" rx="3" ry="3" width="178" height="6"></rect><circle cx="20" cy="20" r="20"></circle></clipPath><linearGradient id="placeholder-home-page-animated-diff"><stop offset="0%" stop-color="#f3f3f3" stop-opacity="1"><animate attributeName="offset" values="-2; -2; 1" keyTimes="0; 0.25; 1" dur="2s" repeatCount="indefinite"></animate></stop><stop offset="50%" stop-color="#a1a1a1" stop-opacity="1"><animate attributeName="offset" values="-1; -1; 2" keyTimes="0; 0.25; 1" dur="2s" repeatCount="indefinite"></animate></stop><stop offset="100%" stop-color="#f3f3f3" stop-opacity="1"><animate attributeName="offset" values="0; 0; 3" keyTimes="0; 0.25; 1" dur="2s" repeatCount="indefinite"></animate></stop></linearGradient></defs></svg></div></div><div class="lazyload-wrapper " style="min-height:150px;margin:1rem 0"><div style="width:100%;margin-top:2rem" class="sc-htpNat edrZqW"><svg aria-labelledby="placeholder-home-page-aria" role="img" width="300" height="160" viewBox="0 0 400 160"><title id="placeholder-home-page-aria">Loading...</title><rect role="presentation" x="0" y="0" width="100%" height="100%" clip-path="url(#placeholder-home-page-diff)" style="fill:url(#placeholder-home-page-animated-diff)"></rect><defs role="presentation"><clipPath id="placeholder-home-page-diff"><rect x="48" y="8" rx="3" ry="3" width="88" height="6"></rect><rect x="48" y="26" rx="3" ry="3" width="52" height="6"></rect><rect x="0" y="56" rx="3" ry="3" width="410" height="6"></rect><rect x="0" y="72" rx="3" ry="3" width="380" height="6"></rect><rect x="0" y="88" rx="3" ry="3" width="178" height="6"></rect><circle cx="20" cy="20" r="20"></circle></clipPath><linearGradient id="placeholder-home-page-animated-diff"><stop offset="0%" stop-color="#f3f3f3" stop-opacity="1"><animate attributeName="offset" values="-2; -2; 1" keyTimes="0; 0.25; 1" dur="2s" repeatCount="indefinite"></animate></stop><stop offset="50%" stop-color="#a1a1a1" stop-opacity="1"><animate attributeName="offset" values="-1; -1; 2" keyTimes="0; 0.25; 1" dur="2s" repeatCount="indefinite"></animate></stop><stop offset="100%" stop-color="#f3f3f3" stop-opacity="1"><animate attributeName="offset" values="0; 0; 3" keyTimes="0; 0.25; 1" dur="2s" repeatCount="indefinite"></animate></stop></linearGradient></defs></svg></div></div><div class="lazyload-wrapper " style="min-height:300px"><div style="width:100%;margin-top:2rem" class="sc-htpNat edrZqW"><svg aria-labelledby="placeholder-home-page-aria" role="img" width="300" height="160" viewBox="0 0 400 160"><title id="placeholder-home-page-aria">Loading...</title><rect role="presentation" x="0" y="0" width="100%" height="100%" clip-path="url(#placeholder-home-page-diff)" style="fill:url(#placeholder-home-page-animated-diff)"></rect><defs role="presentation"><clipPath id="placeholder-home-page-diff"><rect x="48" y="8" rx="3" ry="3" width="88" height="6"></rect><rect x="48" y="26" rx="3" ry="3" width="52" height="6"></rect><rect x="0" y="56" rx="3" ry="3" width="410" height="6"></rect><rect x="0" y="72" rx="3" ry="3" width="380" height="6"></rect><rect x="0" y="88" rx="3" ry="3" width="178" height="6"></rect><circle cx="20" cy="20" r="20"></circle></clipPath><linearGradient id="placeholder-home-page-animated-diff"><stop offset="0%" stop-color="#f3f3f3" stop-opacity="1"><animate attributeName="offset" values="-2; -2; 1" keyTimes="0; 0.25; 1" dur="2s" repeatCount="indefinite"></animate></stop><stop offset="50%" stop-color="#a1a1a1" stop-opacity="1"><animate attributeName="offset" values="-1; -1; 2" keyTimes="0; 0.25; 1" dur="2s" repeatCount="indefinite"></animate></stop><stop offset="100%" stop-color="#f3f3f3" stop-opacity="1"><animate attributeName="offset" values="0; 0; 3" keyTimes="0; 0.25; 1" dur="2s" repeatCount="indefinite"></animate></stop></linearGradient></defs></svg></div></div></div></div><div class="sc-jhAzac dtWmqV moe-main-class" style="display:none"><div id="wzrk_wrapper"><div class="wzrk-overlay"></div><div class="wzrk-alert wiz-show-animate"><div class="wzrk-alert-heading">Get FLAT 15% OFF On Your Order!</div><div class="wzrk-alert-body">Click Allow to get Coupon Code</div><div class="wzrk-button-container"><button id="wzrk-cancel-id" class="wzrk-cancel">LATER</button><button id="wzrk-confirm-id" class="wzrk-confirm" style="background-color:rgb(242, 128, 70)">ALLOW</button></div></div></div></div><div class="lazyload-wrapper " style="min-height:100px"><div class="lazyload-placeholder"></div></div><div style="height:3rem;display:block;width:100%"></div><div style="height:5rem;display:block;width:100%"></div></div><script id="__NEXT_DATA__" type="application/json">{"props":{"initialProps":{"pageProps":{},"offerStripData":{"items":[{"fields":{"CheckoutDeskHeadLink2":"/were-safe-2","vuid":"6a4f0028-3f72-46b1-9f38-3a4604f81228","versionNumber":40,"isVisibleInListView":true,"versions":{"data":[]},"homepageDesktopPermanentHeaderText1":"Buy Any 3 Products @ FLAT899 on Selected Products | Shop Now","homepageDesktopPermanentHeaderLink1":"/wow-wednesday-offer","homepageDesktopPermanentHeaderText2":"Asia's 1st Brand with MADE SAFE Certified Products","homepageDesktopPermanentHeaderLink2":"/were-safe-2","homepageMobilePermanentHeaderText1":"Buy Any 3 Products @ FLAT899 on Selected Products | Shop Now","homepageMobilePermanentHeaderLink1":"/wow-wednesday-offer","checkoutDesktopPermanentHeaderText1":"Pay Online \u0026 Get Instant FLAT 5% OFF on your order | 100% Secure Payment Methods","checkoutDesktopPermanentHeaderText2":"Asia's 1st Brand with MADE SAFE Certified Products","checkoutMobilePermanentHeaderText1":"Pay Online \u0026 Get Instant FLAT 5% OFF on your order | 100% Secure Payment Methods","clevertapPopupText1":"Buy Any 3 Products @ FLAT899 on Selected Products","clevertapPopupText2":"Click Allow to get Coupon Code"}}]},"deviceData":{"isMobile":false},"isGooglebot":false,"configurationData":{"switches":{"payment":{"outage":{"status":false,"configs":{"enableMobile":true,"enableDesktop":true}},"saveUpiConfig":{"status":true},"saveCardConfig":{"status":true},"paymentDownTime":{"status":true},"gpayIntent":{"status":false,"configs":{"enableMobile":false,"enableDesktop":false}},"giftCard":{"status":true,"configs":{"enableMobile":true,"enableDesktop":true}},"zest":{"status":false,"configs":{"enableMobile":true,"enableDesktop":true}},"upiAutoSuggestion":{"status":true,"configs":{"enableMobile":true,"enableDesktop":true}}},"goKwik":{"status":true,"configs":{"enableMobile":true,"enableDesktop":true}},"mamacash":{"enable":true,"configs":{"enableMobile":true,"enableDesktop":false}},"couponsForMamacash":{"status":true,"configs":{"enableMobile":true,"enableDesktop":false}},"vip":{"savingsWidget":{"status":true,"configs":{"enableMobile":true,"enableDesktop":true}}},"tryItOn":{"status":true,"configs":{"enableMobile":true,"enableDesktop":false}},"newrelic":{"status":false,"configs":{"enableMobile":false,"enableDesktop":false}},"pdp":{"video":{"status":true,"configs":{"enableMobile":true,"enableDesktop":true}}},"contextualStrip":{"status":true,"configs":{"enableMobile":true,"enableDesktop":false}},"oldPdpOffer":{"status":true},"egyftr":{"status":true,"configs":{"enableMobile":true,"enableDesktop":true}},"newCart":{"status":true},"strapi":{"status":4},"elasticSearch":{"status":1},"itemsInCart":{"status":true},"newMamacash":{"status":false},"Zendesk":{"status":true},"mrpCouponPopup":{"status":true},"rpStandardCheckout":{"status":true},"maaCampaign":{"status":false},"maaCampaignWinner":{"status":false},"aovRecommendation":{"status":false}},"configs":{"payment":{"outage":{"upi":{"status":false,"message":"We are currently facing issues with SBI. Please try paying with other bank account.","message1":"We are experiencing temporary delays in payment notifications for Gpay users, please open your Gpay app on next step to complete your payment."},"credit":{"status":false,"message":""},"zest":{"status":false,"message":""},"wallet":{"status":false,"message":""},"banking":{"status":false,"message":""},"cod":{"status":false,"message":""}},"vpaSuffixList":["@ybl","@oksbi","@ptaxis","@pthdfc","@ptyes","@ptsbi","@okicici","@okhdfcbank","@okaxis","@axl","@ibl","@upi","@apl"],"supportedUpiApps":["gpay","paytm"]},"couponListForMamacash":["GIOMG","OMG","MYBDAY","HBDAY","BDAY"],"contextualStrip":{"message":"Add items worth ₹399 to get FREE DELIVERY"},"homepage":{"logo":"","logo1":"https://images.mamaearth.in/png/mama.png"},"maaCampaign":{"formUrl":"https://form.typeform.com/to/yjm6fioD?\u0026typeform-embed-disable-scroll=false"}}},"megaMenuData":{"megaMenu":[{"name":"Home","val":"/"},{"name":"Face","val":"/product-category/skin","subcategories":[{"name":"Face Wash","val":"/product-category/face-wash"},{"name":"Sunscreen","val":"/product-category/sunscreen"},{"name":"Face Serum","val":"/product-category/face-serum"},{"name":"Face Cream","val":"/product-category/face-cream"},{"name":"Face Moisturizer","val":"/product-category/face-moisturizer"},{"name":"Face Mask","val":"/product-category/face-mask"},{"name":"Facial Kits","val":"/product-category/facial-kits"},{"name":"Face Scrub","val":"/product-category/face-scrub"},{"name":"See All","val":"/product-category/skin"}]},{"name":"Hair","val":"/product-category/hair","subcategories":[{"name":"Shampoo","val":"/product-category/hair-shampoo"},{"name":"Hair Oil","val":"/product-category/hair-oil"},{"name":"Conditioner","val":"/product-category/hair-conditioner"},{"name":"Hair Serum","val":"/product-category/hair-serum"},{"name":"Hair Mask","val":"/product-category/hair-mask"},{"name":"See All","val":"/product-category/hair"}]},{"name":"Makeup","val":"/product-category/makeup-products","subcategories":[{"name":"Lipsticks","val":"/product-category/lipsticks"},{"name":"Foundation","val":"/product-category/foundation"},{"name":"Kajal","val":"/product-category/eye-kajal"},{"name":"Compact","val":"/product-category/compact-powder"},{"name":"Lip Balm","val":"/product-category/lip-balm"},{"name":"Concealer","val":"/product-category/concealer"},{"name":"See All","val":"/product-category/makeup-products"}]},{"name":"Body","val":"/product-category/body","subcategories":[{"name":"Body Lotion","val":"/product-category/body-lotion"},{"name":"Soap","val":"/product-category/bathing-soap"},{"name":"Body Wash","val":"/product-category/body-wash"},{"name":"See All","val":"/product-category/body"}]},{"name":"Baby","val":"/product-category/for-babies","subcategories":[{"name":"Baby Shampoo","val":"/product-category/baby-shampoo"},{"name":"Baby Wash","val":"/product-category/baby-skin"},{"name":"Baby Body Lotion","val":"/product-category/baby-body-lotion"},{"name":"Baby Soap","val":"/product-category/baby-soap"},{"name":"Baby Oil","val":"/product-category/baby-oil"},{"name":"See All","val":"/product-category/for-babies"}]},{"name":"Combos","val":"/product-category/combos","subcategories":[{"name":"Combos","val":"/product-category/combos"},{"name":"Kits","val":"/product-category/gift-packs"}]},{"name":"New Launches","val":"/product-category/new-launches"},{"name":"Ingredient","val":"/product-category/ingredient","subcategories":[{"name":"Vitamin C","val":"/product-category/vitamin-c"},{"name":"Onion","val":"/product-category/onion-products"},{"name":"Ubtan","val":"/product-category/ubtan"},{"name":"Rosemary","val":"/product-category/rosemary-range"},{"name":"Rice","val":"/product-category/rice-range"},{"name":"Beetroot","val":"/product-category/beetroot"},{"name":"Aloe Vera","val":"/product-category/aloe-vera-range"},{"name":"Tea Tree","val":"/product-category/tea-tree-range"},{"name":"Multani Mitti","val":"/product-category/multani"},{"name":"Hibiscus","val":"/product-category/hibiscus"},{"name":"Charcoal","val":"/product-category/charcoal-range"},{"name":"Bhringamla","val":"/product-category/bhringamla"},{"name":"Honey Malai","val":"/product-category/honey-malai"},{"name":"See All","val":"/product-category/ingredient"}]},{"name":"All Products","val":"/shop"},{"name":"Blog","val":"https://mamaearth.in/blog/"},{"name":"Plant Goodness","val":"/plant"},{"name":"Store Locator","val":"/mamaearth-store"}],"exploreLinks":{"name":"Explore","subcategories":[{"name":"New Launches","val":"/product-category/new-launches"},{"name":"Best Sellers","val":"/product-category/best-seller"},{"name":"Combos","val":"/product-category/combos"},{"name":"Gift Packs","val":"/product-category/gift-packs"}]}},"enableReferral":true},"initialState":{"products":{"loading":false,"error":false,"sortBy":false,"filterBy":false,"is_in_stockList":false,"is_in_stockListLoading":false,"is_in_stockListError":false,"data":{"list":{"entities":{"products":false}},"maxProductCount":0,"clientCache":{"list":false,"categories":false},"categories":false}},"fetchedProduct":{"modal":"https://images.mamaearth.in/jpg/tryItOn/model-2.jpg","data":{"recommendedProducts":[],"showRecommendationProducts":false,"currentProduct":false,"tryItOn":false}},"cart":{"loading":false,"quantityLoading":false,"error":false,"gIaddToCart":false,"data":{"cartId":false,"isDisable":false,"ids":[],"cartMap":{},"recentRemovals":[],"appliedRules":[],"inertProducts":[],"userCouponCode":false,"newUserCouponCode":null,"newUserCouponTitle":null,"newUserCouponDescription":null,"isGiCoupon":false,"showCartPopUp":false,"isCartPopUpClosed":false},"open":false,"couponTray":false},"auth":{"loading":false,"error":false,"loginPopUp":false,"signUp":false,"newUser":false,"redirectUrl":false,"mappedContact":"","otpLocked":false,"data":{"user":false,"token":false,"otp":{"contact":false,"email":false,"sessionId":false}},"meta":{"isTokenRefreshing":false},"popUpData":false,"userType":null,"referredUserDetails":false,"referralSuccess":false,"hashedCustomerId":false,"verificationSuccess":false,"newUserPopUp":false,"giftCardLoginPopup":false,"sourceOfLoginPopup":false},"vip":{"loading":false,"error":false,"data":{"vipStatus":0,"membershipType":1,"vipVirtualSkuType":null,"benefitType":null,"freeProduct":null,"freeProductsList":null,"paymentDetails":null,"isPopUpOpen":false,"showFreeProductPopUp":false,"freeSelectedProductGlobal":null,"desktopCouponPopUpTrigger":false,"couponTrayList":null,"isVipMember":0,"selectedProduct":false,"showMembershipOffer":true,"isVipMembershipInCart":false,"vipInCartConfig":0,"virtualMembershipList":null,"showBenefitsPopUp":false,"previousRoute":"/","removeMembershipFromCart":false,"guestStatus":false,"guestTelephone":false,"userSegment":false,"guestGiAutoAddFlag":2,"savings":null,"startDate":null,"expiryDate":null,"renewalPendingDays":null,"membershipPrice":null,"vipStatusSuccess":false}},"checkout":{"walletChecked":false,"otpLoading":false,"loading":false,"thankyouPageLoading":false,"placeOrderLoading":false,"paymentFailed":false,"paymentError":"","error":false,"jusPayLoad":false,"addressError":false,"localStorageAddressData":false,"jusPayRequestId":false,"isJuspay":false,"isValid":false,"payment_initiate":false,"couponWithTimer":false,"qrCode":"","upiPaymentDetails":false,"data":{"isCODAvailable":true,"shipping":false,"totals":false,"order":false,"confirmedOrder":false,"customerDetail":false,"paymentEntity":false,"paymentMethods":false,"old_productId":[],"couponError":false,"otp":{"contact":false,"sessionId":false},"showqrcode":false,"showexpirycode":false},"meta":{"trackingData":false,"order":{"comment":"","payMethod":"","methodFields":{},"billingAddress":false,"shippingAddress":false,"selectedPaymentMethod":"razorpay","availablePaymentMethods":["razorpay","paypal","cod"]}},"newuser":null,"couponType":"","showRetryPaymentOnce":true,"benefitsData":false,"isNewUserCouponCodeTriggered":false,"giftCardApplied":false,"gyfterDetails":false,"gyftrOtp":false,"validateCoupon":null,"fraudNumber":false,"razorpayDowntimeMessage":false,"couponJourneyData":false,"couponMessage":false,"repeatUser":0,"cartOfferSet":{},"selectedAddress":false,"cartUpdate":false,"currentStep":0,"rpStandardClose":false,"deliveryDate":null},"account":{"loading":false,"error":false,"addressExist":false,"isCOSM":false,"addressList":false,"data":{"userInfo":false,"orderPageNumber":1,"noMoreOrders":false,"orderList":[],"balance":false,"orderedProducts":false,"ordersExist":false,"allAddresses":false,"defaultAddress":false,"orderDetails":[]},"referralDetails":false,"adressDelayLoading":false,"fraudPaymentClick":false,"walletExpiry":false,"walletBalance":false,"contextualLoading":false},"global":{"loading":false,"error":false,"data":{"size":{"width":0,"height":0},"currency":{"label":"INR","value":1},"modals":[],"showSnackBar":false,"showSnackBarPDP":false,"mefe":false,"appVersion":"0.1alpha","isReduxMobile":true},"pathUrl":{"prev":null,"curr":null},"configData":{"switches":{"payment":{"outage":{"status":false,"configs":{"enableMobile":true,"enableDesktop":true}},"saveUpiConfig":{"status":true},"saveCardConfig":{"status":true},"paymentDownTime":{"status":true},"gpayIntent":{"status":false,"configs":{"enableMobile":false,"enableDesktop":false}},"giftCard":{"status":true,"configs":{"enableMobile":true,"enableDesktop":true}},"zest":{"status":false,"configs":{"enableMobile":true,"enableDesktop":true}},"upiAutoSuggestion":{"status":true,"configs":{"enableMobile":true,"enableDesktop":true}}},"goKwik":{"status":true,"configs":{"enableMobile":true,"enableDesktop":true}},"mamacash":{"enable":true,"configs":{"enableMobile":true,"enableDesktop":false}},"couponsForMamacash":{"status":true,"configs":{"enableMobile":true,"enableDesktop":false}},"vip":{"savingsWidget":{"status":true,"configs":{"enableMobile":true,"enableDesktop":true}}},"tryItOn":{"status":true,"configs":{"enableMobile":true,"enableDesktop":false}},"newrelic":{"status":false,"configs":{"enableMobile":false,"enableDesktop":false}},"pdp":{"video":{"status":true,"configs":{"enableMobile":true,"enableDesktop":true}}},"contextualStrip":{"status":true,"configs":{"enableMobile":true,"enableDesktop":false}},"oldPdpOffer":{"status":true},"egyftr":{"status":true,"configs":{"enableMobile":true,"enableDesktop":true}},"newCart":{"status":true},"strapi":{"status":4},"elasticSearch":{"status":1},"itemsInCart":{"status":true},"newMamacash":{"status":false},"Zendesk":{"status":true},"mrpCouponPopup":{"status":true},"rpStandardCheckout":{"status":true},"maaCampaign":{"status":false},"maaCampaignWinner":{"status":false},"aovRecommendation":{"status":false}},"configs":{"payment":{"outage":{"upi":{"status":false,"message":"We are currently facing issues with SBI. Please try paying with other bank account.","message1":"We are experiencing temporary delays in payment notifications for Gpay users, please open your Gpay app on next step to complete your payment."},"credit":{"status":false,"message":""},"zest":{"status":false,"message":""},"wallet":{"status":false,"message":""},"banking":{"status":false,"message":""},"cod":{"status":false,"message":""}},"vpaSuffixList":["@ybl","@oksbi","@ptaxis","@pthdfc","@ptyes","@ptsbi","@okicici","@okhdfcbank","@okaxis","@axl","@ibl","@upi","@apl"],"supportedUpiApps":["gpay","paytm"]},"couponListForMamacash":["GIOMG","OMG","MYBDAY","HBDAY","BDAY"],"contextualStrip":{"message":"Add items worth ₹399 to get FREE DELIVERY"},"homepage":{"logo":"","logo1":"https://images.mamaearth.in/png/mama.png"},"maaCampaign":{"formUrl":"https://form.typeform.com/to/yjm6fioD?\u0026typeform-embed-disable-scroll=false"}}},"megaMenuData":{"megaMenu":[{"name":"Home","val":"/"},{"name":"Face","val":"/product-category/skin","subcategories":[{"name":"Face Wash","val":"/product-category/face-wash"},{"name":"Sunscreen","val":"/product-category/sunscreen"},{"name":"Face Serum","val":"/product-category/face-serum"},{"name":"Face Cream","val":"/product-category/face-cream"},{"name":"Face Moisturizer","val":"/product-category/face-moisturizer"},{"name":"Face Mask","val":"/product-category/face-mask"},{"name":"Facial Kits","val":"/product-category/facial-kits"},{"name":"Face Scrub","val":"/product-category/face-scrub"},{"name":"See All","val":"/product-category/skin"}]},{"name":"Hair","val":"/product-category/hair","subcategories":[{"name":"Shampoo","val":"/product-category/hair-shampoo"},{"name":"Hair Oil","val":"/product-category/hair-oil"},{"name":"Conditioner","val":"/product-category/hair-conditioner"},{"name":"Hair Serum","val":"/product-category/hair-serum"},{"name":"Hair Mask","val":"/product-category/hair-mask"},{"name":"See All","val":"/product-category/hair"}]},{"name":"Makeup","val":"/product-category/makeup-products","subcategories":[{"name":"Lipsticks","val":"/product-category/lipsticks"},{"name":"Foundation","val":"/product-category/foundation"},{"name":"Kajal","val":"/product-category/eye-kajal"},{"name":"Compact","val":"/product-category/compact-powder"},{"name":"Lip Balm","val":"/product-category/lip-balm"},{"name":"Concealer","val":"/product-category/concealer"},{"name":"See All","val":"/product-category/makeup-products"}]},{"name":"Body","val":"/product-category/body","subcategories":[{"name":"Body Lotion","val":"/product-category/body-lotion"},{"name":"Soap","val":"/product-category/bathing-soap"},{"name":"Body Wash","val":"/product-category/body-wash"},{"name":"See All","val":"/product-category/body"}]},{"name":"Baby","val":"/product-category/for-babies","subcategories":[{"name":"Baby Shampoo","val":"/product-category/baby-shampoo"},{"name":"Baby Wash","val":"/product-category/baby-skin"},{"name":"Baby Body Lotion","val":"/product-category/baby-body-lotion"},{"name":"Baby Soap","val":"/product-category/baby-soap"},{"name":"Baby Oil","val":"/product-category/baby-oil"},{"name":"See All","val":"/product-category/for-babies"}]},{"name":"Combos","val":"/product-category/combos","subcategories":[{"name":"Combos","val":"/product-category/combos"},{"name":"Kits","val":"/product-category/gift-packs"}]},{"name":"New Launches","val":"/product-category/new-launches"},{"name":"Ingredient","val":"/product-category/ingredient","subcategories":[{"name":"Vitamin C","val":"/product-category/vitamin-c"},{"name":"Onion","val":"/product-category/onion-products"},{"name":"Ubtan","val":"/product-category/ubtan"},{"name":"Rosemary","val":"/product-category/rosemary-range"},{"name":"Rice","val":"/product-category/rice-range"},{"name":"Beetroot","val":"/product-category/beetroot"},{"name":"Aloe Vera","val":"/product-category/aloe-vera-range"},{"name":"Tea Tree","val":"/product-category/tea-tree-range"},{"name":"Multani Mitti","val":"/product-category/multani"},{"name":"Hibiscus","val":"/product-category/hibiscus"},{"name":"Charcoal","val":"/product-category/charcoal-range"},{"name":"Bhringamla","val":"/product-category/bhringamla"},{"name":"Honey Malai","val":"/product-category/honey-malai"},{"name":"See All","val":"/product-category/ingredient"}]},{"name":"All Products","val":"/shop"},{"name":"Blog","val":"https://mamaearth.in/blog/"},{"name":"Plant Goodness","val":"/plant"},{"name":"Store Locator","val":"/mamaearth-store"}],"exploreLinks":{"name":"Explore","subcategories":[{"name":"New Launches","val":"/product-category/new-launches"},{"name":"Best Sellers","val":"/product-category/best-seller"},{"name":"Combos","val":"/product-category/combos"},{"name":"Gift Packs","val":"/product-category/gift-packs"}]}},"seoContent":false,"popUpData":false,"enableReferral":true,"recentlyViewedProducts":false,"showPopResponse":false,"showOrderId":null,"isMobile":false,"customerData":false,"checkCustomer":true,"giAutoAddFlag":false,"showShippingPopup":false,"abExperiment":false,"newCart":true,"searchKey":"","debouncedKey":"","trending":[],"rpStandardFlagAb":false,"couponPopupOnMRP":false},"nps":{"loading":false,"error":false,"data":{"rating":0,"ratingData":null,"ratingDataCollection":null,"isRatingTriggered":false,"feedbackSuccessPopUp":false,"npsType":null,"orderId":false,"source":"Comms"}},"recommendation":{"loading":false,"error":false,"data":{"questionBank":[],"isProducts":false,"productsData":null,"currentSlide":0}}},"__N_SSP":true,"pageProps":{"initialState":{"products":{"loading":false,"error":false,"sortBy":false,"filterBy":false,"is_in_stockList":false,"is_in_stockListLoading":false,"is_in_stockListError":false,"data":{"list":{"entities":{"products":false}},"maxProductCount":0,"clientCache":{"list":false,"categories":false},"categories":false}},"fetchedProduct":{"modal":"https://images.mamaearth.in/jpg/tryItOn/model-2.jpg","data":{"recommendedProducts":[],"showRecommendationProducts":false,"currentProduct":false,"tryItOn":false}},"cart":{"loading":false,"quantityLoading":false,"error":false,"gIaddToCart":false,"data":{"cartId":false,"isDisable":false,"ids":[],"cartMap":{},"recentRemovals":[],"appliedRules":[],"inertProducts":[],"userCouponCode":false,"newUserCouponCode":null,"newUserCouponTitle":null,"newUserCouponDescription":null,"isGiCoupon":false,"showCartPopUp":false,"isCartPopUpClosed":false},"open":false,"couponTray":false},"auth":{"loading":false,"error":false,"loginPopUp":false,"signUp":false,"newUser":false,"redirectUrl":false,"mappedContact":"","otpLocked":false,"data":{"user":false,"token":false,"otp":{"contact":false,"email":false,"sessionId":false}},"meta":{"isTokenRefreshing":false},"popUpData":false,"userType":null,"referredUserDetails":false,"referralSuccess":false,"hashedCustomerId":false,"verificationSuccess":false,"newUserPopUp":false,"giftCardLoginPopup":false,"sourceOfLoginPopup":false},"vip":{"loading":false,"error":false,"data":{"vipStatus":0,"membershipType":1,"vipVirtualSkuType":null,"benefitType":null,"freeProduct":null,"freeProductsList":null,"paymentDetails":null,"isPopUpOpen":false,"showFreeProductPopUp":false,"freeSelectedProductGlobal":null,"desktopCouponPopUpTrigger":false,"couponTrayList":null,"isVipMember":0,"selectedProduct":false,"showMembershipOffer":true,"isVipMembershipInCart":false,"vipInCartConfig":0,"virtualMembershipList":null,"showBenefitsPopUp":false,"previousRoute":"/","removeMembershipFromCart":false,"guestStatus":false,"guestTelephone":false,"userSegment":false,"guestGiAutoAddFlag":2,"savings":null,"startDate":null,"expiryDate":null,"renewalPendingDays":null,"membershipPrice":null,"vipStatusSuccess":false}},"checkout":{"walletChecked":false,"otpLoading":false,"loading":false,"thankyouPageLoading":false,"placeOrderLoading":false,"paymentFailed":false,"paymentError":"","error":false,"jusPayLoad":false,"addressError":false,"localStorageAddressData":false,"jusPayRequestId":false,"isJuspay":false,"isValid":false,"payment_initiate":false,"couponWithTimer":false,"qrCode":"","upiPaymentDetails":false,"data":{"isCODAvailable":true,"shipping":false,"totals":false,"order":false,"confirmedOrder":false,"customerDetail":false,"paymentEntity":false,"paymentMethods":false,"old_productId":[],"couponError":false,"otp":{"contact":false,"sessionId":false},"showqrcode":false,"showexpirycode":false},"meta":{"trackingData":false,"order":{"comment":"","payMethod":"","methodFields":{},"billingAddress":false,"shippingAddress":false,"selectedPaymentMethod":"razorpay","availablePaymentMethods":["razorpay","paypal","cod"]}},"newuser":null,"couponType":"","showRetryPaymentOnce":true,"benefitsData":false,"isNewUserCouponCodeTriggered":false,"giftCardApplied":false,"gyfterDetails":false,"gyftrOtp":false,"validateCoupon":null,"fraudNumber":false,"razorpayDowntimeMessage":false,"couponJourneyData":false,"couponMessage":false,"repeatUser":0,"cartOfferSet":{},"selectedAddress":false,"cartUpdate":false,"currentStep":0,"rpStandardClose":false,"deliveryDate":null},"account":{"loading":false,"error":false,"addressExist":false,"isCOSM":false,"addressList":false,"data":{"userInfo":false,"orderPageNumber":1,"noMoreOrders":false,"orderList":[],"balance":false,"orderedProducts":false,"ordersExist":false,"allAddresses":false,"defaultAddress":false,"orderDetails":[]},"referralDetails":false,"adressDelayLoading":false,"fraudPaymentClick":false,"walletExpiry":false,"walletBalance":false,"contextualLoading":false},"global":{"loading":false,"error":false,"data":{"size":{"width":0,"height":0},"currency":{"label":"INR","value":1},"modals":[],"showSnackBar":false,"showSnackBarPDP":false,"mefe":false,"appVersion":"0.1alpha","isReduxMobile":true},"pathUrl":{"prev":null,"curr":null},"configData":{"switches":{"payment":{"outage":{"status":false,"configs":{"enableMobile":true,"enableDesktop":true}},"saveUpiConfig":{"status":true},"saveCardConfig":{"status":true},"paymentDownTime":{"status":true},"gpayIntent":{"status":false,"configs":{"enableMobile":false,"enableDesktop":false}},"giftCard":{"status":true,"configs":{"enableMobile":true,"enableDesktop":true}},"zest":{"status":false,"configs":{"enableMobile":true,"enableDesktop":true}},"upiAutoSuggestion":{"status":true,"configs":{"enableMobile":true,"enableDesktop":true}}},"goKwik":{"status":true,"configs":{"enableMobile":true,"enableDesktop":true}},"mamacash":{"enable":true,"configs":{"enableMobile":true,"enableDesktop":false}},"couponsForMamacash":{"status":true,"configs":{"enableMobile":true,"enableDesktop":false}},"vip":{"savingsWidget":{"status":true,"configs":{"enableMobile":true,"enableDesktop":true}}},"tryItOn":{"status":true,"configs":{"enableMobile":true,"enableDesktop":false}},"newrelic":{"status":false,"configs":{"enableMobile":false,"enableDesktop":false}},"pdp":{"video":{"status":true,"configs":{"enableMobile":true,"enableDesktop":true}}},"contextualStrip":{"status":true,"configs":{"enableMobile":true,"enableDesktop":false}},"oldPdpOffer":{"status":true},"egyftr":{"status":true,"configs":{"enableMobile":true,"enableDesktop":true}},"newCart":{"status":true},"strapi":{"status":4},"elasticSearch":{"status":1},"itemsInCart":{"status":true},"newMamacash":{"status":false},"Zendesk":{"status":true},"mrpCouponPopup":{"status":true},"rpStandardCheckout":{"status":true},"maaCampaign":{"status":false},"maaCampaignWinner":{"status":false},"aovRecommendation":{"status":false}},"configs":{"payment":{"outage":{"upi":{"status":false,"message":"We are currently facing issues with SBI. Please try paying with other bank account.","message1":"We are experiencing temporary delays in payment notifications for Gpay users, please open your Gpay app on next step to complete your payment."},"credit":{"status":false,"message":""},"zest":{"status":false,"message":""},"wallet":{"status":false,"message":""},"banking":{"status":false,"message":""},"cod":{"status":false,"message":""}},"vpaSuffixList":["@ybl","@oksbi","@ptaxis","@pthdfc","@ptyes","@ptsbi","@okicici","@okhdfcbank","@okaxis","@axl","@ibl","@upi","@apl"],"supportedUpiApps":["gpay","paytm"]},"couponListForMamacash":["GIOMG","OMG","MYBDAY","HBDAY","BDAY"],"contextualStrip":{"message":"Add items worth ₹399 to get FREE DELIVERY"},"homepage":{"logo":"","logo1":"https://images.mamaearth.in/png/mama.png"},"maaCampaign":{"formUrl":"https://form.typeform.com/to/yjm6fioD?\u0026typeform-embed-disable-scroll=false"}}},"megaMenuData":{"megaMenu":[{"name":"Home","val":"/"},{"name":"Face","val":"/product-category/skin","subcategories":[{"name":"Face Wash","val":"/product-category/face-wash"},{"name":"Sunscreen","val":"/product-category/sunscreen"},{"name":"Face Serum","val":"/product-category/face-serum"},{"name":"Face Cream","val":"/product-category/face-cream"},{"name":"Face Moisturizer","val":"/product-category/face-moisturizer"},{"name":"Face Mask","val":"/product-category/face-mask"},{"name":"Facial Kits","val":"/product-category/facial-kits"},{"name":"Face Scrub","val":"/product-category/face-scrub"},{"name":"See All","val":"/product-category/skin"}]},{"name":"Hair","val":"/product-category/hair","subcategories":[{"name":"Shampoo","val":"/product-category/hair-shampoo"},{"name":"Hair Oil","val":"/product-category/hair-oil"},{"name":"Conditioner","val":"/product-category/hair-conditioner"},{"name":"Hair Serum","val":"/product-category/hair-serum"},{"name":"Hair Mask","val":"/product-category/hair-mask"},{"name":"See All","val":"/product-category/hair"}]},{"name":"Makeup","val":"/product-category/makeup-products","subcategories":[{"name":"Lipsticks","val":"/product-category/lipsticks"},{"name":"Foundation","val":"/product-category/foundation"},{"name":"Kajal","val":"/product-category/eye-kajal"},{"name":"Compact","val":"/product-category/compact-powder"},{"name":"Lip Balm","val":"/product-category/lip-balm"},{"name":"Concealer","val":"/product-category/concealer"},{"name":"See All","val":"/product-category/makeup-products"}]},{"name":"Body","val":"/product-category/body","subcategories":[{"name":"Body Lotion","val":"/product-category/body-lotion"},{"name":"Soap","val":"/product-category/bathing-soap"},{"name":"Body Wash","val":"/product-category/body-wash"},{"name":"See All","val":"/product-category/body"}]},{"name":"Baby","val":"/product-category/for-babies","subcategories":[{"name":"Baby Shampoo","val":"/product-category/baby-shampoo"},{"name":"Baby Wash","val":"/product-category/baby-skin"},{"name":"Baby Body Lotion","val":"/product-category/baby-body-lotion"},{"name":"Baby Soap","val":"/product-category/baby-soap"},{"name":"Baby Oil","val":"/product-category/baby-oil"},{"name":"See All","val":"/product-category/for-babies"}]},{"name":"Combos","val":"/product-category/combos","subcategories":[{"name":"Combos","val":"/product-category/combos"},{"name":"Kits","val":"/product-category/gift-packs"}]},{"name":"New Launches","val":"/product-category/new-launches"},{"name":"Ingredient","val":"/product-category/ingredient","subcategories":[{"name":"Vitamin C","val":"/product-category/vitamin-c"},{"name":"Onion","val":"/product-category/onion-products"},{"name":"Ubtan","val":"/product-category/ubtan"},{"name":"Rosemary","val":"/product-category/rosemary-range"},{"name":"Rice","val":"/product-category/rice-range"},{"name":"Beetroot","val":"/product-category/beetroot"},{"name":"Aloe Vera","val":"/product-category/aloe-vera-range"},{"name":"Tea Tree","val":"/product-category/tea-tree-range"},{"name":"Multani Mitti","val":"/product-category/multani"},{"name":"Hibiscus","val":"/product-category/hibiscus"},{"name":"Charcoal","val":"/product-category/charcoal-range"},{"name":"Bhringamla","val":"/product-category/bhringamla"},{"name":"Honey Malai","val":"/product-category/honey-malai"},{"name":"See All","val":"/product-category/ingredient"}]},{"name":"All Products","val":"/shop"},{"name":"Blog","val":"https://mamaearth.in/blog/"},{"name":"Plant Goodness","val":"/plant"},{"name":"Store Locator","val":"/mamaearth-store"}],"exploreLinks":{"name":"Explore","subcategories":[{"name":"New Launches","val":"/product-category/new-launches"},{"name":"Best Sellers","val":"/product-category/best-seller"},{"name":"Combos","val":"/product-category/combos"},{"name":"Gift Packs","val":"/product-category/gift-packs"}]}},"seoContent":{"@context":"https://schema.org","@type":"ItemList","numberOfItems":0,"itemListOrder":"Unordered","seo":{"url_key":"home-page-carousels","meta_title":"Mamaearth Sale is Live! Buy 3 Products at 899","meta_keyword":"mamaearth. mama earth, Mamaearth products, mamaearth honasa, mama earth, mamaarth product, mama earth products list, does mamaearth products work for oily skin, is mama earth products are good, mama earth ka product, mama earth ke product, mama product, mamaearth cosmetics review, mamaearth products list","meta_description":"Mamaearth Sale is Live on toxin-free skin,hair,baby and makeup range.Add 3 Products to Cart and Apply the Code GET3 to buy 3 Products at Flat 899","name":"Home Page Carousels","canonicalUrl":null,"faq":[{"question":"Is mamaearth good for skin and hair?","answer":"Yes, Mamaearth is a trustworthy brand for all your skin and hair care needs. "},{"question":"Are Mamaearth products good?","answer":"Yes. Mamaearth products are curated with utmost care and attention. All products are made of safe, gentle, and natural ingredients and free of toxins or harmful chemicals. "},{"question":"What is Mamaearth?","answer":"Mamaearth is a nurturing brand by parents for parents. It makes safe and gentle skin-friendly products as per stringent international standards. The brand also develops a diverse range of products your skin and hair care needs. "},{"question":"Are Mamaearth products safe?","answer":"All the products of Mamaearth are non-toxic and safe to be used for your little ones. We abstain from using paraben, sulfates, artificial colorants, and fragrances in our makings. "},{"question":"Are Mamaearth products available in stores?","answer":"Yes, Mamaearth products are available on Online and Offline channels. "},{"question":"Is Mamaearth an India brand?","answer":"Yes, Mamaearth is an Indian brand. Varun and Ghazal Alagh co-founded it in 2016 to provide toxin-free, natural baby care, skincare, and hair care products. "},{"question":"From where can I buy Mamaearth products?","answer":"You can check out our official website to place your order or buy from the stores. Our mama product are also available in stores."},{"question":"Are Mamaearth hair products good?","answer":"Yes. Our hair products are clinically tested and approved. "},{"question":"Are Mamaearth beauty products tested on animals?","answer":"Our products are PETA certified, which means they are not tested on animals."},{"question":"Is Mamaearth packaging environmentally friendly?","answer":"We are deeply committed to making environmentally sustainable choices: we ensure that we recycle twice as much plastic as we use."},{"question":"Does Mamaearth products work for all types of skin?","answer":"Yes, Mamaearth products works well for all skin types as they are made of natural ingredients and treats your skin with natural care and benefits."},{"question":"What is the Mama earth products price ranges in India?","answer":"The Mamaearth products price range in India varies from products and quantity. Like Onion oil costs INR 419/- for 150 ml and Ultra light indian sunscreen costs INR 499/- for 80 ml. You can check the Mamaearth all products with price on the website and get your choosen one for you."}],"footerContent":"\u003ch1\u003eGet your hands on Nature-Inspired Mamaearth Products \u003c/h1\u003e\r\n\u003cp\u003eMamaearth is one of the most trustworthy brands in India.Avail Mamaearth natural Skin, Hair, Body, Baby and Makeup products in India. Shop for 599 or more and Get \u003cstrong\u003eFlat 20% Off\u003c/strong\u003e +5% Prepaid Off with Code: \u003cstrong\u003eSAVE25\u003c/strong\u003e. It offers the best-in-class skincare products to help you discover the essence of beauty with the Goodness of Nature. We are also Asia’s first brand to be accoladed with Made Safe Certification for our \u003cstrong\u003ebeauty products\u003c/strong\u003e. \u003cstrong\u003eMamaearth products\u003c/strong\u003e are made using safe, pure, gentle, natural, and toxin-free ingredients. We work with skincare experts to make the best natural \u003ca href=\"https://mamaearth.in/product-category/skin\"\u003eskin care products \u003c/a\u003efor men and women to offer you the best skincare experience.\u003c/p\u003e\r\n\u003cp\u003eWe are a brand by the parents and for the parents because we offer safe and gentle \u003cstrong\u003ebaby skin care products\u003c/strong\u003e through world-class research to solve every little problem of parents. To make Mama product that are especially mum-friendly, we curate our \u003cstrong\u003etoxic free\u003c/strong\u003e, \u003cstrong\u003eharmful chemical-free\u003c/strong\u003e, paraben-free products with utmost care and precision. We are your one-stop shop for beauty, skin, hair, and baby care needs. Explore \u003cstrong\u003eMamaearth official website\u003c/strong\u003e and choose from an array of products for your beauty care regimen. \u003cstrong\u003eMamaearth online shopping \u003c/strong\u003estore offers you complete convenience. You can view your favorite picks in one place at Mamaearth Honasa website. Our user-friendly interface will guide you through the product information to make the best buying decisions. Buy now!\u003c/p\u003e\r\n\u003ch2\u003eDownload Mamaearth App for iOS and Android today!\u003c/h2\u003e\r\n\u003cp\u003eWe welcome you to download our all-new Mamaearth app for your iPhone or Android smartphone. It offers you the best online shopping experience so you could place your order from the comfort of your home.\u003c/p\u003e\r\n\u003cp\u003eOur app features bank-grade security for safe and instant payment gateways. All you thus need to make an order with us is to select the product(s) of your choice, add them to cart, input your address, and make a successful payment- and we will take it up from there.\u003c/p\u003e\r\n\u003cp\u003eDownload Mamaearth App Now for \u003ca href=\"https://play.google.com/store/apps/details?id=com.mamaearthapp\u0026amp;hl=en_IN\u0026amp;gl=US\" rel=\"noindex, nofollow\"\u003eAndroid\u003c/a\u003e and \u003ca href=\"https://apps.apple.com/in/app/mamaearth-online-shopping-app/id1530385461\" rel=\"noindex, nofollow\"\u003eiOS\u003c/a\u003e. Visit Honasa Consumer Ltd website to know more.\u003c/p\u003e\r\n\u003ch2\u003eAbout Mamaearth Skincare Range\u003c/h2\u003e\r\n\u003cp\u003eDeciphering a skincare routine is overwhelming at times. With so many options available, it becomes tough to understand what your skin truly needs. Our sedentary lifestyle has impacted skin's health, leaving it dull, and damaged. With the Goodness of Nature, it is possible to help protect the skin, boost radiance, prevent blemishes, and reverse the damage. You can check mama earth products list as our mama earth organics top-of-the-line products, such as \u003ca href=\"https://mamaearth.in/product-category/sunscreen\"\u003esunscreen\u003c/a\u003e, and \u003ca href=\"https://mamaearth.in/product/bye-bye-dark-circles-eye-cream-with-cucumber-peptides-for-dark-circles-20ml\"\u003edark circles removal cream\u003c/a\u003e come enriched with natural ingredients and good Mama earth products price list to help get radiant skin complexion. \u003c/p\u003e\r\n\u003cp\u003eHere's what you can expect in our skincare range:\u003c/p\u003e\r\n\u003col\u003e\r\n\u003cli\u003e\u003ca href=\"https://mamaearth.in/product-category/face-wash\"\u003eFace wash\u003c/a\u003e - The first step to cultivating a great skincare regimen is to pick up a face cleanser that fits your skin type. We bring you a wide range of options comprising Vitamin C Foaming Face Wash, Charcoal Face Wash, \u003ca href=\"https://mamaearth.in/product/retinol-face-wash-with-retinol-bakuchi-for-fine-lines-and-wrinkles-100-ml\"\u003eRetinol Face Wash\u003c/a\u003e, \u003ca href=\"https://mamaearth.in/product/multani-mitti-face-wash-with-multani-mitti-bulgarian-rose-for-oil-control-acne-100-ml\"\u003eMultani Mitti Face Wash\u003c/a\u003e, and \u003ca href=\"https://mamaearth.in/product/micellar-water-foaming-makeup-remover-with-rose-water-glycolic-acid-for-makeup-cleansing-150-ml\"\u003eMicellar Water Foaming Makeup Remover\u003c/a\u003e. \u003c/li\u003e\r\n\u003cli\u003eFace Scrub - \u003ca href=\"https://mamaearth.in/product-category/face-scrub\"\u003eFace scrub\u003c/a\u003e are a luxurious addition to the beauty arsenal. Pick from our range of Face scrubs, including CoCo Face Scrub, Vitamin C Face Scrub, and \u003ca href=\"https://mamaearth.in/product/ubtan-scrub-for-face-with-turmeric-walnut-for-tan-removal-100g\"\u003eUbtan Face Scrub\u003c/a\u003e, for that refreshing look after a long tiring day. \u003c/li\u003e\r\n\u003cli\u003eFace Mask - A facial mask can be a great tool to have in your beauty arsenal. Our diverse \u003ca href=\"https://mamaearth.in/product-category/face-mask\"\u003eface mask\u003c/a\u003e range includes- Mamaearth Ubtan Face Mask, \u003ca href=\"https://mamaearth.in/product/vitamin-c-sleeping-mask-with-aloe-vera-for-skin-illumination-100-g\"\u003eVitamin C Sleeping Mask\u003c/a\u003e,  \u003ca href=\"https://mamaearth.in/product/buy-charcoal-face-mask\"\u003echarcoal face mask\u003c/a\u003e, C3 Face Mask, and Neem Face Mask for different skin woes. \u003c/li\u003e\r\n\u003cli\u003e\u003ca href=\"https://mamaearth.in/product-category/face-toner\"\u003eFace Toner\u003c/a\u003e - An effective AM-PM routine begins with Cleansing-Toning-Moisturizing. For that refreshed look on your face, you may try our Ubtan \u003ca href=\"https://mamaearth.in/product/ubtan-cleansing-milk-for-face-with-turmeric-saffron-for-gentle-cleansing-100ml\"\u003eCleansing Milk\u003c/a\u003e with Turmeric and Saffron for Gentle Cleansing, or Vitamin C Face Toner and Rose Face Toner to minimize enlarged pores.\u003c/li\u003e\r\n\u003cli\u003eFace Cream - We have a wide range of \u003ca href=\"https://mamaearth.in/product-category/face-cream\"\u003eface cream\u003c/a\u003e for anti-aging, \u003ca href=\"https://mamaearth.in/product/mamaearth-combos-skin-lightening-and-brightening-combo\"\u003ewhitening cream\u003c/a\u003e and hyperpigmentation, \u003ca href=\"https://mamaearth.in/product/tan-removal-regimen\"\u003etan removal cream\u003c/a\u003e. We also have the best day and \u003ca href=\"https://mamaearth.in/product-category/night-cream\"\u003enight cream\u003c/a\u003e- Mamaearth \u003ca href=\"https://mamaearth.in/product-category/dark-spot-removal-face-cream\"\u003edark spot removal cream\u003c/a\u003e, \u003ca href=\"https://mamaearth.in/product/retinol-night-cream-for-women-with-retinol-bakuchi-for-anti-aging-fine-lines-and-wrinkles-50-g\"\u003eRetinol Cream\u003c/a\u003e, Aqua Glow Face Moisturizer, \u003ca href=\"https://mamaearth.in/product/anti-acne-kit\"\u003epimple cream\u003c/a\u003e, etc.\u003c/li\u003e\r\n\u003cli\u003eFace Gel - Along with adding a stroke of hydration to your face, \u003ca href=\"https://mamaearth.in/product-category/face-gel\"\u003eface gel\u003c/a\u003e can make your face skin look energized, bright, and clean. Our \u003ca href=\"https://mamaearth.in/product/aloe-vera-gel-for-face-with-pure-aloe-vera-vitamin-e-for-skin-and-hair-300ml\"\u003eAloe Vera Gel\u003c/a\u003e is a host of benefits for different skin woes. Packed with ingredients like Hyaluronic Acid, Aloe Vera, Vitamin E, and Glycerin, our face gels soothe your skin, seal in moisture, and improve the texture of your skin. \u003c/li\u003e\r\n\u003cli\u003eFace serum - It’s time to amp your skincare regimen with the Mamaearth \u003ca href=\"https://mamaearth.in/product-category/face-serum\"\u003eface serum\u003c/a\u003e range. Our best-selling \u003ca href=\"https://mamaearth.in/product/mamaearth-retinol-face-serum\"\u003eRetinol Serum\u003c/a\u003e, Skin Illuminate Face Serum, \u003ca href=\"https://mamaearth.in/product/10-vitamin-c-face-serum-essence-serum-with-vitamin-c-and-gotu-kola-for-skin-illumination-30ml\"\u003evitamin c serum\u003c/a\u003e gives you a radiant glow. Besides, Aqua Glow Face Serum range gives your skin a 72-hour long boost of hydration and \u003ca href=\"https://mamaearth.in/product/skin-correct-face-serum-with-niacinamide-and-ginger-extract-for-acne-marks-scars-30-ml\"\u003eniacinamide serum\u003c/a\u003e helps reduces acne marks. \u003c/li\u003e\r\n\u003cli\u003eLip Balm - Our tinted \u003ca href=\"https://mamaearth.in/product-category/lip-balm\"\u003elip balm\u003c/a\u003e keep your lips super moisturized for 12 hours. Pick from a wide range of options- Vitamin C and Honey, Turmeric and Saffron, Rose Oil and Castor Oil, Cherry and Coconut Oil, and CoCo. Its easy application formula gives you naturally soft lips in just one glide. You can also try the Mamaearth \u003ca href=\"https://mamaearth.in/product/moisture-matte-long-stay-lipsticks-2-g-cinnamon-nude\"\u003eNude Lipstick\u003c/a\u003e.\u003c/li\u003e\r\n\u003cli\u003e\u003ca href=\"https://mamaearth.in/product-category/eye-kajal\"\u003eEye Kajal\u003c/a\u003e - Let everyone notice your beautiful eyes with our Charcoal Black Long Stay \u003ca href=\"https://mamaearth.in/product/charcoal-black-long-stay-kajal-with-vitamin-c-chamomile\"\u003eKajal\u003c/a\u003e. Its waterproof and smudge-free formula gives your eyes a glossy sheen for 11 hours straight. It is also India’s first Made Safe certified Kajal that contains no toxins or harmful chemicals.\u003c/li\u003e\r\n\u003c/ol\u003e\r\n\u003ch2\u003eAbout Mamaearth Hair Care Range\u003c/h2\u003e\r\n\u003cp\u003eUsing the right hair products can make a big difference in your hair care regimen. Pollution, stress, and inadequate nutrition can leave your hair looking dull and lifeless. The best solution is to use safe and gentle \u003ca href=\"https://mamaearth.in/product-category/hair\"\u003ehair care\u003c/a\u003e products that nourish your scalp and treat dull and frizzy hair. Our mamaarth products are thoughtfully formulated with potent ingredients to address common hair care issues. \u003c/p\u003e\r\n\u003col\u003e\r\n\u003cli\u003e\u003ca href=\"https://mamaearth.in/product-category/hair-oil\"\u003eHair Oil\u003c/a\u003e - Our hair oils are made with time-tested ingredients like Bhringraj, Amla, \u003ca href=\"https://mamaearth.in/product/almond-hair-oil-with-cold-pressed-almond-oil-vitamin-e-for-healthy-hair-growth-150-ml\"\u003ealmond oil for hair\u003c/a\u003e,  Coconut, Rice Bran, \u003ca href=\"https://mamaearth.in/product/100-pure-natural-cold-pressed-castor-oil-for-healthier-skin-hair-nails-150ml\"\u003eCastor Oil\u003c/a\u003e to prevent \u003ca href=\"https://mamaearth.in/product-category/hairfall\"\u003ehair fall\u003c/a\u003e, gray hair, and dry and flaky skin. You can also check out the \u003ca href=\"https://mamaearth.in/product/hairfall-control-kit\"\u003ehair fall control\u003c/a\u003e and BhringAmla range, which contains 15 rare Ayurvedic herbs to nourish your scalp and strengthen your hair. \u003c/li\u003e\r\n\u003cli\u003e\u003ca href=\"https://mamaearth.in/product-category/hair-shampoo\"\u003eHair Shampoo\u003c/a\u003e - Mamaearth shampoos are made with nutrient-rich ingredients like Argan Oil, Milk Protein, Tea-tree, Red Onion Seed, and Avocado Oil. Our Mamaearth Tea Tree Shampoo treats dry and itchy scalp, \u003ca href=\"https://mamaearth.in/product-category/anti-dandruff-shampoo\"\u003eanti dandruff shampoo\u003c/a\u003e helps clear dandruff, while our Rice Water Shampoo Keratin is best for damaged hair. And \u003ca href=\"https://mamaearth.in/product/rice-water-hair-mask-with-rice-water-keratin-for-smoothening-hair-damage-repair-200-g\"\u003erice water for hair\u003c/a\u003e makes hair silky smooth Also, check out our \u003ca href=\"https://mamaearth.in/product-category/anti-dandruff-shampoo\"\u003ebest dandruff shampoo\u003c/a\u003e range for dandruff treatment. \u003c/li\u003e\r\n\u003cli\u003eHair Conditioner - A \u003ca href=\"httpS://mamaearth.in/product-category/hair-conditioner\"\u003ehair conditioner\u003c/a\u003e is a must if you want a long, shiny, and lustrous mane without having to visit a salon. We have many conditioners that repair your strands and add vitality. You can shop from an exclusive range of conditioners- Onion, Almond, BhringAmla, Apple Cider Vinegar, and so on.\u003c/li\u003e\r\n\u003cli\u003eHair Mask - Our \u003ca href=\"https://mamaearth.in/product-category/hair-mask\"\u003ehair mask\u003c/a\u003e are packed with rich ingredients to strengthen your hair and enhance its texture. Some of the options you can choose from our Argan Hair Mask, Tea Tree Anti-Dandruff Hair Mask, Onion Hair Mask, and Almond Hair Mask. \u003c/li\u003e\r\n\u003c/ol\u003e\r\n\u003cp\u003eYou can also try our rich hair serum range and \u003ca href=\"https://mamaearth.in/product-category/lipsticks\"\u003elipstick shades\u003c/a\u003e. Our \u003ca href=\"https://mamaearth.in/product-category/hair-serum\"\u003eHair Serum\u003c/a\u003e is 100% natural and non-toxic, making them your go-to option for frizzy and unmanageable hair.\u003c/p\u003e\r\n\u003ch2\u003eAbout Mamaearth Body Care Range\u003c/h2\u003e\r\n\u003cp\u003eWhen it comes to beauty, your body also needs a little Treatment-Love-Care. Just as you need a face cleanser, exfoliator, and \u003ca href=\"https://mamaearth.in/product-category/face-moisturizer\"\u003emoisturizer\u003c/a\u003e for your face, you should also use body care products for the skin below your neck. \u003c/p\u003e\r\n\u003col\u003e\r\n\u003cli\u003eBody Wash - A hydrating \u003ca href=\"https://mamaearth.in/product-category/body-wash\"\u003ebody wash\u003c/a\u003e is a must to help restore skin moisture. Our Ubtan Body Wash offers the goodness of time-tested ingredients like Turmeric, Saffron, and Walnut Beads. The blend of natural ingredients gently exfoliates your skin and leaves it feeling soft and supple. You can also try Vitamin C Body Wash, Charcoal Body Wash, \u003ca href=\"https://mamaearth.in/product/charcoal-nourishing-bathing-soap-with-charcoal-and-mint-for-deep-cleansing-5x75g\"\u003echarcoal soap\u003c/a\u003e, and CoCo Nourishing Bathing Soaps. \u003c/li\u003e\r\n\u003cli\u003eBody Butter - Our body butter deeply nourishes your skin and creates a protective layer. Our body butter creams also help fight dryness, dullness, and skin darkening. Our best-selling products include CoCo Body Butter for Dry Skin and Ubtan Body Butter for Deep Nourishment.\u003c/li\u003e\r\n\u003cli\u003e\u003ca href=\"https://mamaearth.in/product-category/body-lotion\"\u003eBody Lotion\u003c/a\u003e - Say goodbye to dull and dry skin this winter. Our best-selling Vitamin C Body Lotion is ideal for all skin types, \u003ca href=\"https://mamaearth.in/product/stretch-marks-removal-cream\"\u003estretch mark removal cream\u003c/a\u003e helps remove stretch marks, while the other ranges- Ubtan Body Lotion CoCo Body Lotions also help lock in moisture to keep your skin hydrated. \u003c/li\u003e\r\n\u003cli\u003eHand Cream - Battling dry and rough skin on your hands? Try Mamaearth \u003ca href=\"https://mamaearth.in/product-category/hand-cream\"\u003ehand cream\u003c/a\u003e – it is enriched with ingredients like Shea Butter, Honey, Turmeric, Aloe Vera, Coconut Oil, Apricot Oil, and Vitamin C. Not only do our creams help nourish your skin, but this formula also kills 99% of germs and effortlessly helps sanitize your hands. \u003c/li\u003e\r\n\u003cli\u003eBody Scrub - Our nature-inspired \u003ca href=\"https://mamaearth.in/product-category/body-scrub\"\u003ebody scrub\u003c/a\u003e gently polish your skin, irresistibly giving you smooth and supple skin. Our Ubtan Body Scrub is made with time-tested ingredients like Turmeric, Saffron, and Walnut Beads to give your skin a soft and supple texture. Also, our Neem Body Scrub made with Neem and Tulsi deeply exfoliates your skin.  \u003c/li\u003e\r\n\u003cli\u003eMamaearth's Deo helps you stay closer to yourself because it creates a fragrance as unique as you are. We welcome you to try out our exclusive range of \u003ca href=\"https://mamaearth.in/product-category/perfume\"\u003eperfume\u003c/a\u003e today\u003c/li\u003e\r\n\u003c/ol\u003e\r\n\u003ch2\u003eAbout Mamaearth Baby Care Range\u003c/h2\u003e\r\n\u003cp\u003eWhen it comes to your little munchkin, you would not want to settle on anything but the best. So, we are committed to crafting 100% safe and natural products that are gentle on your baby’s skin. \u003c/p\u003e\r\n\u003col\u003e\r\n\u003cli\u003e\u003ca href=\"https://mamaearth.in/product-category/baby-bath\"\u003eBaby Bath Products\u003c/a\u003e - Our baby bath care range includes baby washes, baby shampoo, and bathing bars to make bath time a fun time for your little munchkin. Mamaearth baby products are tear-free formulas made with nourishing ingredients that deeply hydrate and help balance the baby’s skin and pH levels. Also, check out our \u003ca href=\"https://mamaearth.in/product/mamaearth-moisturizing-baby-soap-bar\"\u003ebath soap\u003c/a\u003e and \u003ca href=\"https://mamaearth.in/product/dusting-powder-babies\"\u003edusting powder\u003c/a\u003e which is best for dry \u0026amp; irritated skin. \u003c/li\u003e\r\n\u003cli\u003e\u003ca href=\"https://mamaearth.in/product-category/baby-skin\"\u003eBaby Skincare Products\u003c/a\u003e - We have a wide range of the best \u003ca href=\"https://mamaearth.in/product-category/for-babies\"\u003ebaby care products \u003c/a\u003eavailable on the Mamaearth website - baby lotions, creams, \u003ca href=\"https://mamaearth.in/product/soothing-massage-oil-for-babies-with-sesame-almond-jojoba-oil\"\u003emassage oil\u003c/a\u003e, and powders. Free from any toxins and harmful chemicals, our Made Safe Certified baby care range and \u003ca href=\"https://mamaearth.in/product/natural-insect-repellent\"\u003emosquito repellent\u003c/a\u003e is dermatologically tested for your baby’s sensitive skin.  \u003c/li\u003e\r\n\u003cli\u003e\u003ca href=\"https://mamaearth.in/product-category/baby-diaper\"\u003eBaby Diaper\u003c/a\u003e - Our plant-based diapers are gentle on your baby’s skin and safe for the environment too. You can also get started with our Organic \u003ca href=\"https://mamaearth.in/product/baby-wipes-online-india\"\u003ewet wipes\u003c/a\u003e - Bamboo Based Baby Wipes and Milky Soft Diaper Rash Cream. Our diapers are made from corn starch and free from latex, fragrance, and chlorine that let your baby stay healthy and happy all day long. \u003c/li\u003e\r\n\u003cli\u003e\u003ca href=\"https://mamaearth.in/product-category/baby-oral-care\"\u003eOral Care\u003c/a\u003e - Now you can protect your little one’s teeth naturally. All oral care products, including \u003ca href=\"https://mamaearth.in/product/fruit-punch-toothpaste-for-kids-50g\"\u003etoothpaste\u003c/a\u003e and baby lip balms, are thoughtfully formulated with high-quality ingredients. You can check out the Mamaearth all products with price on the website and below listed table too.\u003c/li\u003e\r\n\u003c/ol\u003e\r\n\u003ch3\u003eOur Bestsellers \u003c/h3\u003e\r\n\u003cp\u003eOnion hair oil - Our \u003ca href=\"https://mamaearth.in/product/onion-hair-oil-for-hair-regrowth-hair-fall-control-with-redensyl-250ml\"\u003eOnion Hair Oil\u003c/a\u003e is a new formula for stronger and healthier hair. Its lightweight and non-sticky formula help reduce hair fall and accelerate new hair cells. In addition, the nourishing ingredient Redensyl unblocks hair follicles and promotes hair regrowth. It’s time to welcome stronger and healthier hair.\u003c/p\u003e\r\n\u003cp\u003eOnion Shampoo - This nourishing \u003ca href=\"https://mamaearth.in/product/mamaearth-onion-shampoo-for-hair-growth-hair-fall-control-with-onion-oil-plant-keratin-250-ml\"\u003eonion shampoo\u003c/a\u003e promotes hair growth and deeply cleanses the hair by providing 22% more foam without toxins or harmful chemicals. With up to eight times more detangling action and four times more conditioning effect, this hair cleanser is a must-have in your hair care regimen. \u003c/p\u003e\r\n\u003cp\u003eUbtan Face Wash - Mamaearth \u003ca href=\"https://mamaearth.in/product/ubtan-face-wash-with-turmeric-saffron-for-tan-removal-150-ml\"\u003eUbtan Face Wash\u003c/a\u003e is yet another of your best sellers known to rejuvenate tanned skin and undo the signs of aging. Formulated with ingredients like turmeric and saffron, it gives you glowing skin. Antioxidants in turmeric also prevent free radical damage, carrot seeds brighten skin tone, and walnut beads exfoliate dead skin cells.\u003c/p\u003e\r\n\u003cp\u003e\u003ca href=\"https://mamaearth.in/product/tea-tree-face-wash\"\u003eTea Tree Face Wash\u003c/a\u003e - With the natural blend of Neem and Tea Tree oil, this tea tree face wash helps prevent acne and pimples by deep cleansing, which removes impurities, unclogs pores, fights bacteria, and controls the production of excess oil. In addition, Aloe Vera soothes any redness or irritation in this \u003ca href=\"https://mamaearth.in/product/tea-tree-foaming-face-wash-with-tea-tree-salicylic-acid-for-acne-pimples-150ml\"\u003esalicylic acid face wash\u003c/a\u003e. \u003c/p\u003e\r\n\u003cp\u003eVitamin C Face Wash - Want to get rid of excess oil, dirt, and grime on your face? Our \u003ca href=\"https://mamaearth.in/product/vitamin-c-face-wash-with-vitamin-c-and-turmeric-for-skin-illumination-100ml\"\u003eVitamin C Face Wash\u003c/a\u003e, made with the goodness of Vitamin C, Turmeric, and Aloe Vera, will provide a natural glow to your skin. It helps repair the facial skin by boosting collagen production and blood circulation.\u003c/p\u003e\r\n\u003cp\u003eCharcoal Face Wash - Bring out the healthy and glowing skin in you with the goodness of \u003ca href=\"https://mamaearth.in/product/best-charcoal-face-wash\"\u003eCharcoal Face Wash\u003c/a\u003e. Enriched with Activated Charcoal, Clay, Tea Tree Oil, and Coffee, it draws out dirt, impurities, microparticles, makeup, sweat, excess oil and leaves the skin clean, fresh, and happy. \u003c/p\u003e\r\n\u003cp\u003eHyperpigmentation cream - A special formulation of Mulberry extract, Vitamin C, and Daisy Flower Extract prevents melanin synthesis and gives you soft and clear skin. This \u003ca href=\"https://mamaearth.in/product/bye-bye-blemishes-face-cream-for-pigmentation-blemish-removal-with-mulberry-extract-vitamin-c-30ml\"\u003epigmentation cream\u003c/a\u003e gently reduces dark patches and gives you an even skin tone. It has a nongreasy formula that is quickly absorbed by your skin.\u003c/p\u003e\r\n\u003cp\u003eVitamin C Under Eye Cream - Bid goodbye to under-eye dullness, dark circles, and hyperpigmentation with our \u003ca href=\"https://mamaearth.in/product/vitamin-c-under-eye-cream-for-dark-circles-with-vitamin-c-gotu-kola-for-brightening-under-eyes-20-ml\"\u003eUnder Eye Cream\u003c/a\u003e enriched with Vitamin C, Hyaluronic Acid, Niacinamide, and Gotu Kola. This eye cream contains under-eye massages that depuff the eye and increase blood circulation. \u003c/p\u003e\r\n\u003cp\u003e\u003ca href=\"https://mamaearth.in/product/rosemary-hair-growth-oil-150ml\"\u003eRosemary Oil\u003c/a\u003e - Take control of your hair care plans! Try Mamaearth’s Rosemary Hair Growth Oil, it features Rosemary and Methi Dana that promote hairgrowth and stimulate hair growth. This toxin-free hair oil also helps control excessivehair fall and strengthens hair roots.\u003c/p\u003e\r\n\u003cp\u003e\u003ca href=\"https://mamaearth.in/product/multani-mitti-face-wash-with-multani-mitti-bulgarian-rose-for-oil-control-acne-100-ml\"\u003eMultani Mitti Face Wash\u003c/a\u003e - Sensitive skin? Facing acne and pimples? Sign upfor the best skincare experience with our all-new Multani Mitti Face Wash. It featuresMultani Mitti and Bulgarian Rose that control excess oil to reduce acne andpromote hydration. \u003ca href=\"https://mamaearth.in/sitemap.xml\"\u003eSitemap\u003c/a\u003e\u003c/p\u003e\r\n\u003chr /\u003e\r\n\u003ch3\u003eMost Searched Natural Ingredients for Skin Care and Hair Care:\u003c/h3\u003e\r\n\u003cp\u003e\u003ca href=\"https://mamaearth.in/product-category/onion-products\"\u003eOnion Products for Hair\u003c/a\u003e, \u003ca title=\"Henna for Hair\" href=\"https://mamaearth.in/product-category/henna-range\"\u003eHenna for Hair\u003c/a\u003e, \u003ca title=\"Rice Water Products\" href=\"https://mamaearth.in/product-category/rice-range\"\u003eRice Water Products\u003c/a\u003e, \u003ca title=\"Ubtan Products\" href=\"https://mamaearth.in/product-category/ubtan\"\u003eUbtan Products\u003c/a\u003e, \u003ca title=\"Vitamin C Products\" href=\"https://mamaearth.in/product-category/vitamin-c\"\u003eVitamin C Products\u003c/a\u003e, \u003ca title=\"Green Tea Products\" href=\"https://mamaearth.in/product-category/green-tea\"\u003eGreen Tea Products\u003c/a\u003e, \u003ca title=\"Skin Hydration Products\" href=\"https://mamaearth.in/product-category/aqua-glow-range\"\u003eSkin Hydration Products\u003c/a\u003e, \u003ca title=\"Tea Tree Products\" href=\"https://mamaearth.in/product-category/tea-tree-range\"\u003eTea Tree Products\u003c/a\u003e, \u003ca title=\"Charcoal Products\" href=\"https://mamaearth.in/product-category/charcoal-range\"\u003eCharcoal Products\u003c/a\u003e, \u003ca title=\"Coffee Products\" href=\"https://mamaearth.in/product-category/coco\"\u003eCoffee Products\u003c/a\u003e, \u003ca title=\"Argan Care Range Products\" href=\"https://mamaearth.in/product-category/argan-range\"\u003eArgan Care Range Products\u003c/a\u003e, \u003ca title=\"Apple Cider Vinegar for Hair\" href=\"https://mamaearth.in/product-category/apple-cider-vinegar\"\u003eApple Cider Vinegar for Hair and Skin\u003c/a\u003e, \u003ca title=\"Retinol Products\" href=\"https://mamaearth.in/product-category/retinol\"\u003eRetinol Products\u003c/a\u003e, \u003ca title=\"Honey and Malai\" href=\"https://mamaearth.in/product-category/honey-malai\"\u003eHoney and Malai\u003c/a\u003e, \u003ca title=\"Amla Products for Hair\" href=\"https://mamaearth.in/product-category/bhringamla\"\u003eAmla Products for Hair\u003c/a\u003e, \u003ca href=\"https://mamaearth.in/product-category/nude-shade-lipstick\"\u003eNude Lipstick Shades\u003c/a\u003e\u003c/p\u003e\r\n\u003chr /\u003e\r\n\u003ch2\u003eMamaearth Products Price List in India\u003c/h2\u003e\r\n\u003ctable style=\"height: 306px;\"\u003e\r\n\u003ctbody\u003e\r\n\u003ctr\u003e\r\n\u003cth\u003eMamaearth\u003c/th\u003e\r\n\u003cth style=\"height: 18px; width: 48.8333px;\"\u003ePrice\u003c/th\u003e\r\n\u003c/tr\u003e\r\n\u003ctr\u003e\r\n\u003ctd style=\"height: 36px; width: 496.5px;\"\u003e\u003ca href=\"https://mamaearth.in/product/baby-face-cream\"\u003eBaby Cream\u003c/a\u003e\u003c/td\u003e\r\n\u003ctd style=\"height: 36px; width: 48.8333px;\"\u003eRs. 199\u003c/td\u003e\r\n\u003c/tr\u003e\r\n\u003ctr\u003e\r\n\u003ctd style=\"height: 36px; width: 496.5px;\"\u003e\u003ca href=\"https://mamaearth.in/product/buy-baby-lotion-online\"\u003eBaby Lotion\u003c/a\u003e\u003c/td\u003e\r\n\u003ctd style=\"height: 18px; width: 48.8333px;\"\u003eRs. 199\u003c/td\u003e\r\n\u003c/tr\u003e\r\n\u003ctr\u003e\r\n\u003ctd style=\"height: 36px; width: 496.5px;\"\u003e\u003ca href=\"https://mamaearth.in/product/oil-free-face-moisturizer-with-apple-cider-vinegar-for-acne-prone-skin\"\u003eOil Free Moisturizer\u003c/a\u003e\u003c/td\u003e\r\n\u003ctd style=\"height: 18px; width: 48.8333px;\"\u003eRs. 299\u003c/td\u003e\r\n\u003c/tr\u003e\r\n\u003ctr\u003e\r\n\u003ctd style=\"height: 36px; width: 496.5px;\"\u003e\u003ca href=\"https://mamaearth.in/product/onion-hair-oil-for-hair-regrowth-hair-fall-control-with-redensyl-250ml\"\u003eHair Growth Oil\u003c/a\u003e\u003c/td\u003e\r\n\u003ctd style=\"height: 36px; width: 48.8333px;\"\u003eRs. 599\u003c/td\u003e\r\n\u003c/tr\u003e\r\n\u003ctr\u003e\r\n\u003ctd style=\"height: 36px; width: 496.5px;\"\u003e\u003ca href=\"https://mamaearth.in/product/ultra-light-indian-sunscreen\"\u003eSunscreen Spf 50\u003c/a\u003e\u003c/td\u003e\r\n\u003ctd style=\"height: 36px; width: 64px;\"\u003eRs. 499\u003c/td\u003e\r\n\u003c/tr\u003e\r\n\u003c/tbody\u003e\r\n\u003c/table\u003e\r\n\u003cp\u003e \u003c/p\u003e\r\n\u003cp\u003e \u003c/p\u003e","description":null},"name":"Home Page Carousels","description":null,"url":"https://mamaearth.in/product/home-page-carousels","videos":[]},"popUpData":false,"enableReferral":true,"recentlyViewedProducts":false,"showPopResponse":false,"showOrderId":null,"isMobile":false,"customerData":false,"checkCustomer":true,"giAutoAddFlag":false,"showShippingPopup":false,"abExperiment":false,"newCart":true,"searchKey":"","debouncedKey":"","trending":[],"rpStandardFlagAb":false,"couponPopupOnMRP":false},"nps":{"loading":false,"error":false,"data":{"rating":0,"ratingData":null,"ratingDataCollection":null,"isRatingTriggered":false,"feedbackSuccessPopUp":false,"npsType":null,"orderId":false,"source":"Comms"}},"recommendation":{"loading":false,"error":false,"data":{"questionBank":[],"isProducts":false,"productsData":null,"currentSlide":0}}},"seoData":{"url_key":"home-page-carousels","meta_title":"Mamaearth Sale is Live! Buy 3 Products at 899","meta_keyword":"mamaearth. mama earth, Mamaearth products, mamaearth honasa, mama earth, mamaarth product, mama earth products list, does mamaearth products work for oily skin, is mama earth products are good, mama earth ka product, mama earth ke product, mama product, mamaearth cosmetics review, mamaearth products list","meta_description":"Mamaearth Sale is Live on toxin-free skin,hair,baby and makeup range.Add 3 Products to Cart and Apply the Code GET3 to buy 3 Products at Flat 899","name":"Home Page Carousels","canonicalUrl":null,"faq":[{"question":"Is mamaearth good for skin and hair?","answer":"Yes, Mamaearth is a trustworthy brand for all your skin and hair care needs. "},{"question":"Are Mamaearth products good?","answer":"Yes. Mamaearth products are curated with utmost care and attention. All products are made of safe, gentle, and natural ingredients and free of toxins or harmful chemicals. "},{"question":"What is Mamaearth?","answer":"Mamaearth is a nurturing brand by parents for parents. It makes safe and gentle skin-friendly products as per stringent international standards. The brand also develops a diverse range of products your skin and hair care needs. "},{"question":"Are Mamaearth products safe?","answer":"All the products of Mamaearth are non-toxic and safe to be used for your little ones. We abstain from using paraben, sulfates, artificial colorants, and fragrances in our makings. "},{"question":"Are Mamaearth products available in stores?","answer":"Yes, Mamaearth products are available on Online and Offline channels. "},{"question":"Is Mamaearth an India brand?","answer":"Yes, Mamaearth is an Indian brand. Varun and Ghazal Alagh co-founded it in 2016 to provide toxin-free, natural baby care, skincare, and hair care products. "},{"question":"From where can I buy Mamaearth products?","answer":"You can check out our official website to place your order or buy from the stores. Our mama product are also available in stores."},{"question":"Are Mamaearth hair products good?","answer":"Yes. Our hair products are clinically tested and approved. "},{"question":"Are Mamaearth beauty products tested on animals?","answer":"Our products are PETA certified, which means they are not tested on animals."},{"question":"Is Mamaearth packaging environmentally friendly?","answer":"We are deeply committed to making environmentally sustainable choices: we ensure that we recycle twice as much plastic as we use."},{"question":"Does Mamaearth products work for all types of skin?","answer":"Yes, Mamaearth products works well for all skin types as they are made of natural ingredients and treats your skin with natural care and benefits."},{"question":"What is the Mama earth products price ranges in India?","answer":"The Mamaearth products price range in India varies from products and quantity. Like Onion oil costs INR 419/- for 150 ml and Ultra light indian sunscreen costs INR 499/- for 80 ml. You can check the Mamaearth all products with price on the website and get your choosen one for you."}],"footerContent":"\u003ch1\u003eGet your hands on Nature-Inspired Mamaearth Products \u003c/h1\u003e\r\n\u003cp\u003eMamaearth is one of the most trustworthy brands in India.Avail Mamaearth natural Skin, Hair, Body, Baby and Makeup products in India. Shop for 599 or more and Get \u003cstrong\u003eFlat 20% Off\u003c/strong\u003e +5% Prepaid Off with Code: \u003cstrong\u003eSAVE25\u003c/strong\u003e. It offers the best-in-class skincare products to help you discover the essence of beauty with the Goodness of Nature. We are also Asia’s first brand to be accoladed with Made Safe Certification for our \u003cstrong\u003ebeauty products\u003c/strong\u003e. \u003cstrong\u003eMamaearth products\u003c/strong\u003e are made using safe, pure, gentle, natural, and toxin-free ingredients. We work with skincare experts to make the best natural \u003ca href=\"https://mamaearth.in/product-category/skin\"\u003eskin care products \u003c/a\u003efor men and women to offer you the best skincare experience.\u003c/p\u003e\r\n\u003cp\u003eWe are a brand by the parents and for the parents because we offer safe and gentle \u003cstrong\u003ebaby skin care products\u003c/strong\u003e through world-class research to solve every little problem of parents. To make Mama product that are especially mum-friendly, we curate our \u003cstrong\u003etoxic free\u003c/strong\u003e, \u003cstrong\u003eharmful chemical-free\u003c/strong\u003e, paraben-free products with utmost care and precision. We are your one-stop shop for beauty, skin, hair, and baby care needs. Explore \u003cstrong\u003eMamaearth official website\u003c/strong\u003e and choose from an array of products for your beauty care regimen. \u003cstrong\u003eMamaearth online shopping \u003c/strong\u003estore offers you complete convenience. You can view your favorite picks in one place at Mamaearth Honasa website. Our user-friendly interface will guide you through the product information to make the best buying decisions. Buy now!\u003c/p\u003e\r\n\u003ch2\u003eDownload Mamaearth App for iOS and Android today!\u003c/h2\u003e\r\n\u003cp\u003eWe welcome you to download our all-new Mamaearth app for your iPhone or Android smartphone. It offers you the best online shopping experience so you could place your order from the comfort of your home.\u003c/p\u003e\r\n\u003cp\u003eOur app features bank-grade security for safe and instant payment gateways. All you thus need to make an order with us is to select the product(s) of your choice, add them to cart, input your address, and make a successful payment- and we will take it up from there.\u003c/p\u003e\r\n\u003cp\u003eDownload Mamaearth App Now for \u003ca href=\"https://play.google.com/store/apps/details?id=com.mamaearthapp\u0026amp;hl=en_IN\u0026amp;gl=US\" rel=\"noindex, nofollow\"\u003eAndroid\u003c/a\u003e and \u003ca href=\"https://apps.apple.com/in/app/mamaearth-online-shopping-app/id1530385461\" rel=\"noindex, nofollow\"\u003eiOS\u003c/a\u003e. Visit Honasa Consumer Ltd website to know more.\u003c/p\u003e\r\n\u003ch2\u003eAbout Mamaearth Skincare Range\u003c/h2\u003e\r\n\u003cp\u003eDeciphering a skincare routine is overwhelming at times. With so many options available, it becomes tough to understand what your skin truly needs. Our sedentary lifestyle has impacted skin's health, leaving it dull, and damaged. With the Goodness of Nature, it is possible to help protect the skin, boost radiance, prevent blemishes, and reverse the damage. You can check mama earth products list as our mama earth organics top-of-the-line products, such as \u003ca href=\"https://mamaearth.in/product-category/sunscreen\"\u003esunscreen\u003c/a\u003e, and \u003ca href=\"https://mamaearth.in/product/bye-bye-dark-circles-eye-cream-with-cucumber-peptides-for-dark-circles-20ml\"\u003edark circles removal cream\u003c/a\u003e come enriched with natural ingredients and good Mama earth products price list to help get radiant skin complexion. \u003c/p\u003e\r\n\u003cp\u003eHere's what you can expect in our skincare range:\u003c/p\u003e\r\n\u003col\u003e\r\n\u003cli\u003e\u003ca href=\"https://mamaearth.in/product-category/face-wash\"\u003eFace wash\u003c/a\u003e - The first step to cultivating a great skincare regimen is to pick up a face cleanser that fits your skin type. We bring you a wide range of options comprising Vitamin C Foaming Face Wash, Charcoal Face Wash, \u003ca href=\"https://mamaearth.in/product/retinol-face-wash-with-retinol-bakuchi-for-fine-lines-and-wrinkles-100-ml\"\u003eRetinol Face Wash\u003c/a\u003e, \u003ca href=\"https://mamaearth.in/product/multani-mitti-face-wash-with-multani-mitti-bulgarian-rose-for-oil-control-acne-100-ml\"\u003eMultani Mitti Face Wash\u003c/a\u003e, and \u003ca href=\"https://mamaearth.in/product/micellar-water-foaming-makeup-remover-with-rose-water-glycolic-acid-for-makeup-cleansing-150-ml\"\u003eMicellar Water Foaming Makeup Remover\u003c/a\u003e. \u003c/li\u003e\r\n\u003cli\u003eFace Scrub - \u003ca href=\"https://mamaearth.in/product-category/face-scrub\"\u003eFace scrub\u003c/a\u003e are a luxurious addition to the beauty arsenal. Pick from our range of Face scrubs, including CoCo Face Scrub, Vitamin C Face Scrub, and \u003ca href=\"https://mamaearth.in/product/ubtan-scrub-for-face-with-turmeric-walnut-for-tan-removal-100g\"\u003eUbtan Face Scrub\u003c/a\u003e, for that refreshing look after a long tiring day. \u003c/li\u003e\r\n\u003cli\u003eFace Mask - A facial mask can be a great tool to have in your beauty arsenal. Our diverse \u003ca href=\"https://mamaearth.in/product-category/face-mask\"\u003eface mask\u003c/a\u003e range includes- Mamaearth Ubtan Face Mask, \u003ca href=\"https://mamaearth.in/product/vitamin-c-sleeping-mask-with-aloe-vera-for-skin-illumination-100-g\"\u003eVitamin C Sleeping Mask\u003c/a\u003e,  \u003ca href=\"https://mamaearth.in/product/buy-charcoal-face-mask\"\u003echarcoal face mask\u003c/a\u003e, C3 Face Mask, and Neem Face Mask for different skin woes. \u003c/li\u003e\r\n\u003cli\u003e\u003ca href=\"https://mamaearth.in/product-category/face-toner\"\u003eFace Toner\u003c/a\u003e - An effective AM-PM routine begins with Cleansing-Toning-Moisturizing. For that refreshed look on your face, you may try our Ubtan \u003ca href=\"https://mamaearth.in/product/ubtan-cleansing-milk-for-face-with-turmeric-saffron-for-gentle-cleansing-100ml\"\u003eCleansing Milk\u003c/a\u003e with Turmeric and Saffron for Gentle Cleansing, or Vitamin C Face Toner and Rose Face Toner to minimize enlarged pores.\u003c/li\u003e\r\n\u003cli\u003eFace Cream - We have a wide range of \u003ca href=\"https://mamaearth.in/product-category/face-cream\"\u003eface cream\u003c/a\u003e for anti-aging, \u003ca href=\"https://mamaearth.in/product/mamaearth-combos-skin-lightening-and-brightening-combo\"\u003ewhitening cream\u003c/a\u003e and hyperpigmentation, \u003ca href=\"https://mamaearth.in/product/tan-removal-regimen\"\u003etan removal cream\u003c/a\u003e. We also have the best day and \u003ca href=\"https://mamaearth.in/product-category/night-cream\"\u003enight cream\u003c/a\u003e- Mamaearth \u003ca href=\"https://mamaearth.in/product-category/dark-spot-removal-face-cream\"\u003edark spot removal cream\u003c/a\u003e, \u003ca href=\"https://mamaearth.in/product/retinol-night-cream-for-women-with-retinol-bakuchi-for-anti-aging-fine-lines-and-wrinkles-50-g\"\u003eRetinol Cream\u003c/a\u003e, Aqua Glow Face Moisturizer, \u003ca href=\"https://mamaearth.in/product/anti-acne-kit\"\u003epimple cream\u003c/a\u003e, etc.\u003c/li\u003e\r\n\u003cli\u003eFace Gel - Along with adding a stroke of hydration to your face, \u003ca href=\"https://mamaearth.in/product-category/face-gel\"\u003eface gel\u003c/a\u003e can make your face skin look energized, bright, and clean. Our \u003ca href=\"https://mamaearth.in/product/aloe-vera-gel-for-face-with-pure-aloe-vera-vitamin-e-for-skin-and-hair-300ml\"\u003eAloe Vera Gel\u003c/a\u003e is a host of benefits for different skin woes. Packed with ingredients like Hyaluronic Acid, Aloe Vera, Vitamin E, and Glycerin, our face gels soothe your skin, seal in moisture, and improve the texture of your skin. \u003c/li\u003e\r\n\u003cli\u003eFace serum - It’s time to amp your skincare regimen with the Mamaearth \u003ca href=\"https://mamaearth.in/product-category/face-serum\"\u003eface serum\u003c/a\u003e range. Our best-selling \u003ca href=\"https://mamaearth.in/product/mamaearth-retinol-face-serum\"\u003eRetinol Serum\u003c/a\u003e, Skin Illuminate Face Serum, \u003ca href=\"https://mamaearth.in/product/10-vitamin-c-face-serum-essence-serum-with-vitamin-c-and-gotu-kola-for-skin-illumination-30ml\"\u003evitamin c serum\u003c/a\u003e gives you a radiant glow. Besides, Aqua Glow Face Serum range gives your skin a 72-hour long boost of hydration and \u003ca href=\"https://mamaearth.in/product/skin-correct-face-serum-with-niacinamide-and-ginger-extract-for-acne-marks-scars-30-ml\"\u003eniacinamide serum\u003c/a\u003e helps reduces acne marks. \u003c/li\u003e\r\n\u003cli\u003eLip Balm - Our tinted \u003ca href=\"https://mamaearth.in/product-category/lip-balm\"\u003elip balm\u003c/a\u003e keep your lips super moisturized for 12 hours. Pick from a wide range of options- Vitamin C and Honey, Turmeric and Saffron, Rose Oil and Castor Oil, Cherry and Coconut Oil, and CoCo. Its easy application formula gives you naturally soft lips in just one glide. You can also try the Mamaearth \u003ca href=\"https://mamaearth.in/product/moisture-matte-long-stay-lipsticks-2-g-cinnamon-nude\"\u003eNude Lipstick\u003c/a\u003e.\u003c/li\u003e\r\n\u003cli\u003e\u003ca href=\"https://mamaearth.in/product-category/eye-kajal\"\u003eEye Kajal\u003c/a\u003e - Let everyone notice your beautiful eyes with our Charcoal Black Long Stay \u003ca href=\"https://mamaearth.in/product/charcoal-black-long-stay-kajal-with-vitamin-c-chamomile\"\u003eKajal\u003c/a\u003e. Its waterproof and smudge-free formula gives your eyes a glossy sheen for 11 hours straight. It is also India’s first Made Safe certified Kajal that contains no toxins or harmful chemicals.\u003c/li\u003e\r\n\u003c/ol\u003e\r\n\u003ch2\u003eAbout Mamaearth Hair Care Range\u003c/h2\u003e\r\n\u003cp\u003eUsing the right hair products can make a big difference in your hair care regimen. Pollution, stress, and inadequate nutrition can leave your hair looking dull and lifeless. The best solution is to use safe and gentle \u003ca href=\"https://mamaearth.in/product-category/hair\"\u003ehair care\u003c/a\u003e products that nourish your scalp and treat dull and frizzy hair. Our mamaarth products are thoughtfully formulated with potent ingredients to address common hair care issues. \u003c/p\u003e\r\n\u003col\u003e\r\n\u003cli\u003e\u003ca href=\"https://mamaearth.in/product-category/hair-oil\"\u003eHair Oil\u003c/a\u003e - Our hair oils are made with time-tested ingredients like Bhringraj, Amla, \u003ca href=\"https://mamaearth.in/product/almond-hair-oil-with-cold-pressed-almond-oil-vitamin-e-for-healthy-hair-growth-150-ml\"\u003ealmond oil for hair\u003c/a\u003e,  Coconut, Rice Bran, \u003ca href=\"https://mamaearth.in/product/100-pure-natural-cold-pressed-castor-oil-for-healthier-skin-hair-nails-150ml\"\u003eCastor Oil\u003c/a\u003e to prevent \u003ca href=\"https://mamaearth.in/product-category/hairfall\"\u003ehair fall\u003c/a\u003e, gray hair, and dry and flaky skin. You can also check out the \u003ca href=\"https://mamaearth.in/product/hairfall-control-kit\"\u003ehair fall control\u003c/a\u003e and BhringAmla range, which contains 15 rare Ayurvedic herbs to nourish your scalp and strengthen your hair. \u003c/li\u003e\r\n\u003cli\u003e\u003ca href=\"https://mamaearth.in/product-category/hair-shampoo\"\u003eHair Shampoo\u003c/a\u003e - Mamaearth shampoos are made with nutrient-rich ingredients like Argan Oil, Milk Protein, Tea-tree, Red Onion Seed, and Avocado Oil. Our Mamaearth Tea Tree Shampoo treats dry and itchy scalp, \u003ca href=\"https://mamaearth.in/product-category/anti-dandruff-shampoo\"\u003eanti dandruff shampoo\u003c/a\u003e helps clear dandruff, while our Rice Water Shampoo Keratin is best for damaged hair. And \u003ca href=\"https://mamaearth.in/product/rice-water-hair-mask-with-rice-water-keratin-for-smoothening-hair-damage-repair-200-g\"\u003erice water for hair\u003c/a\u003e makes hair silky smooth Also, check out our \u003ca href=\"https://mamaearth.in/product-category/anti-dandruff-shampoo\"\u003ebest dandruff shampoo\u003c/a\u003e range for dandruff treatment. \u003c/li\u003e\r\n\u003cli\u003eHair Conditioner - A \u003ca href=\"httpS://mamaearth.in/product-category/hair-conditioner\"\u003ehair conditioner\u003c/a\u003e is a must if you want a long, shiny, and lustrous mane without having to visit a salon. We have many conditioners that repair your strands and add vitality. You can shop from an exclusive range of conditioners- Onion, Almond, BhringAmla, Apple Cider Vinegar, and so on.\u003c/li\u003e\r\n\u003cli\u003eHair Mask - Our \u003ca href=\"https://mamaearth.in/product-category/hair-mask\"\u003ehair mask\u003c/a\u003e are packed with rich ingredients to strengthen your hair and enhance its texture. Some of the options you can choose from our Argan Hair Mask, Tea Tree Anti-Dandruff Hair Mask, Onion Hair Mask, and Almond Hair Mask. \u003c/li\u003e\r\n\u003c/ol\u003e\r\n\u003cp\u003eYou can also try our rich hair serum range and \u003ca href=\"https://mamaearth.in/product-category/lipsticks\"\u003elipstick shades\u003c/a\u003e. Our \u003ca href=\"https://mamaearth.in/product-category/hair-serum\"\u003eHair Serum\u003c/a\u003e is 100% natural and non-toxic, making them your go-to option for frizzy and unmanageable hair.\u003c/p\u003e\r\n\u003ch2\u003eAbout Mamaearth Body Care Range\u003c/h2\u003e\r\n\u003cp\u003eWhen it comes to beauty, your body also needs a little Treatment-Love-Care. Just as you need a face cleanser, exfoliator, and \u003ca href=\"https://mamaearth.in/product-category/face-moisturizer\"\u003emoisturizer\u003c/a\u003e for your face, you should also use body care products for the skin below your neck. \u003c/p\u003e\r\n\u003col\u003e\r\n\u003cli\u003eBody Wash - A hydrating \u003ca href=\"https://mamaearth.in/product-category/body-wash\"\u003ebody wash\u003c/a\u003e is a must to help restore skin moisture. Our Ubtan Body Wash offers the goodness of time-tested ingredients like Turmeric, Saffron, and Walnut Beads. The blend of natural ingredients gently exfoliates your skin and leaves it feeling soft and supple. You can also try Vitamin C Body Wash, Charcoal Body Wash, \u003ca href=\"https://mamaearth.in/product/charcoal-nourishing-bathing-soap-with-charcoal-and-mint-for-deep-cleansing-5x75g\"\u003echarcoal soap\u003c/a\u003e, and CoCo Nourishing Bathing Soaps. \u003c/li\u003e\r\n\u003cli\u003eBody Butter - Our body butter deeply nourishes your skin and creates a protective layer. Our body butter creams also help fight dryness, dullness, and skin darkening. Our best-selling products include CoCo Body Butter for Dry Skin and Ubtan Body Butter for Deep Nourishment.\u003c/li\u003e\r\n\u003cli\u003e\u003ca href=\"https://mamaearth.in/product-category/body-lotion\"\u003eBody Lotion\u003c/a\u003e - Say goodbye to dull and dry skin this winter. Our best-selling Vitamin C Body Lotion is ideal for all skin types, \u003ca href=\"https://mamaearth.in/product/stretch-marks-removal-cream\"\u003estretch mark removal cream\u003c/a\u003e helps remove stretch marks, while the other ranges- Ubtan Body Lotion CoCo Body Lotions also help lock in moisture to keep your skin hydrated. \u003c/li\u003e\r\n\u003cli\u003eHand Cream - Battling dry and rough skin on your hands? Try Mamaearth \u003ca href=\"https://mamaearth.in/product-category/hand-cream\"\u003ehand cream\u003c/a\u003e – it is enriched with ingredients like Shea Butter, Honey, Turmeric, Aloe Vera, Coconut Oil, Apricot Oil, and Vitamin C. Not only do our creams help nourish your skin, but this formula also kills 99% of germs and effortlessly helps sanitize your hands. \u003c/li\u003e\r\n\u003cli\u003eBody Scrub - Our nature-inspired \u003ca href=\"https://mamaearth.in/product-category/body-scrub\"\u003ebody scrub\u003c/a\u003e gently polish your skin, irresistibly giving you smooth and supple skin. Our Ubtan Body Scrub is made with time-tested ingredients like Turmeric, Saffron, and Walnut Beads to give your skin a soft and supple texture. Also, our Neem Body Scrub made with Neem and Tulsi deeply exfoliates your skin.  \u003c/li\u003e\r\n\u003cli\u003eMamaearth's Deo helps you stay closer to yourself because it creates a fragrance as unique as you are. We welcome you to try out our exclusive range of \u003ca href=\"https://mamaearth.in/product-category/perfume\"\u003eperfume\u003c/a\u003e today\u003c/li\u003e\r\n\u003c/ol\u003e\r\n\u003ch2\u003eAbout Mamaearth Baby Care Range\u003c/h2\u003e\r\n\u003cp\u003eWhen it comes to your little munchkin, you would not want to settle on anything but the best. So, we are committed to crafting 100% safe and natural products that are gentle on your baby’s skin. \u003c/p\u003e\r\n\u003col\u003e\r\n\u003cli\u003e\u003ca href=\"https://mamaearth.in/product-category/baby-bath\"\u003eBaby Bath Products\u003c/a\u003e - Our baby bath care range includes baby washes, baby shampoo, and bathing bars to make bath time a fun time for your little munchkin. Mamaearth baby products are tear-free formulas made with nourishing ingredients that deeply hydrate and help balance the baby’s skin and pH levels. Also, check out our \u003ca href=\"https://mamaearth.in/product/mamaearth-moisturizing-baby-soap-bar\"\u003ebath soap\u003c/a\u003e and \u003ca href=\"https://mamaearth.in/product/dusting-powder-babies\"\u003edusting powder\u003c/a\u003e which is best for dry \u0026amp; irritated skin. \u003c/li\u003e\r\n\u003cli\u003e\u003ca href=\"https://mamaearth.in/product-category/baby-skin\"\u003eBaby Skincare Products\u003c/a\u003e - We have a wide range of the best \u003ca href=\"https://mamaearth.in/product-category/for-babies\"\u003ebaby care products \u003c/a\u003eavailable on the Mamaearth website - baby lotions, creams, \u003ca href=\"https://mamaearth.in/product/soothing-massage-oil-for-babies-with-sesame-almond-jojoba-oil\"\u003emassage oil\u003c/a\u003e, and powders. Free from any toxins and harmful chemicals, our Made Safe Certified baby care range and \u003ca href=\"https://mamaearth.in/product/natural-insect-repellent\"\u003emosquito repellent\u003c/a\u003e is dermatologically tested for your baby’s sensitive skin.  \u003c/li\u003e\r\n\u003cli\u003e\u003ca href=\"https://mamaearth.in/product-category/baby-diaper\"\u003eBaby Diaper\u003c/a\u003e - Our plant-based diapers are gentle on your baby’s skin and safe for the environment too. You can also get started with our Organic \u003ca href=\"https://mamaearth.in/product/baby-wipes-online-india\"\u003ewet wipes\u003c/a\u003e - Bamboo Based Baby Wipes and Milky Soft Diaper Rash Cream. Our diapers are made from corn starch and free from latex, fragrance, and chlorine that let your baby stay healthy and happy all day long. \u003c/li\u003e\r\n\u003cli\u003e\u003ca href=\"https://mamaearth.in/product-category/baby-oral-care\"\u003eOral Care\u003c/a\u003e - Now you can protect your little one’s teeth naturally. All oral care products, including \u003ca href=\"https://mamaearth.in/product/fruit-punch-toothpaste-for-kids-50g\"\u003etoothpaste\u003c/a\u003e and baby lip balms, are thoughtfully formulated with high-quality ingredients. You can check out the Mamaearth all products with price on the website and below listed table too.\u003c/li\u003e\r\n\u003c/ol\u003e\r\n\u003ch3\u003eOur Bestsellers \u003c/h3\u003e\r\n\u003cp\u003eOnion hair oil - Our \u003ca href=\"https://mamaearth.in/product/onion-hair-oil-for-hair-regrowth-hair-fall-control-with-redensyl-250ml\"\u003eOnion Hair Oil\u003c/a\u003e is a new formula for stronger and healthier hair. Its lightweight and non-sticky formula help reduce hair fall and accelerate new hair cells. In addition, the nourishing ingredient Redensyl unblocks hair follicles and promotes hair regrowth. It’s time to welcome stronger and healthier hair.\u003c/p\u003e\r\n\u003cp\u003eOnion Shampoo - This nourishing \u003ca href=\"https://mamaearth.in/product/mamaearth-onion-shampoo-for-hair-growth-hair-fall-control-with-onion-oil-plant-keratin-250-ml\"\u003eonion shampoo\u003c/a\u003e promotes hair growth and deeply cleanses the hair by providing 22% more foam without toxins or harmful chemicals. With up to eight times more detangling action and four times more conditioning effect, this hair cleanser is a must-have in your hair care regimen. \u003c/p\u003e\r\n\u003cp\u003eUbtan Face Wash - Mamaearth \u003ca href=\"https://mamaearth.in/product/ubtan-face-wash-with-turmeric-saffron-for-tan-removal-150-ml\"\u003eUbtan Face Wash\u003c/a\u003e is yet another of your best sellers known to rejuvenate tanned skin and undo the signs of aging. Formulated with ingredients like turmeric and saffron, it gives you glowing skin. Antioxidants in turmeric also prevent free radical damage, carrot seeds brighten skin tone, and walnut beads exfoliate dead skin cells.\u003c/p\u003e\r\n\u003cp\u003e\u003ca href=\"https://mamaearth.in/product/tea-tree-face-wash\"\u003eTea Tree Face Wash\u003c/a\u003e - With the natural blend of Neem and Tea Tree oil, this tea tree face wash helps prevent acne and pimples by deep cleansing, which removes impurities, unclogs pores, fights bacteria, and controls the production of excess oil. In addition, Aloe Vera soothes any redness or irritation in this \u003ca href=\"https://mamaearth.in/product/tea-tree-foaming-face-wash-with-tea-tree-salicylic-acid-for-acne-pimples-150ml\"\u003esalicylic acid face wash\u003c/a\u003e. \u003c/p\u003e\r\n\u003cp\u003eVitamin C Face Wash - Want to get rid of excess oil, dirt, and grime on your face? Our \u003ca href=\"https://mamaearth.in/product/vitamin-c-face-wash-with-vitamin-c-and-turmeric-for-skin-illumination-100ml\"\u003eVitamin C Face Wash\u003c/a\u003e, made with the goodness of Vitamin C, Turmeric, and Aloe Vera, will provide a natural glow to your skin. It helps repair the facial skin by boosting collagen production and blood circulation.\u003c/p\u003e\r\n\u003cp\u003eCharcoal Face Wash - Bring out the healthy and glowing skin in you with the goodness of \u003ca href=\"https://mamaearth.in/product/best-charcoal-face-wash\"\u003eCharcoal Face Wash\u003c/a\u003e. Enriched with Activated Charcoal, Clay, Tea Tree Oil, and Coffee, it draws out dirt, impurities, microparticles, makeup, sweat, excess oil and leaves the skin clean, fresh, and happy. \u003c/p\u003e\r\n\u003cp\u003eHyperpigmentation cream - A special formulation of Mulberry extract, Vitamin C, and Daisy Flower Extract prevents melanin synthesis and gives you soft and clear skin. This \u003ca href=\"https://mamaearth.in/product/bye-bye-blemishes-face-cream-for-pigmentation-blemish-removal-with-mulberry-extract-vitamin-c-30ml\"\u003epigmentation cream\u003c/a\u003e gently reduces dark patches and gives you an even skin tone. It has a nongreasy formula that is quickly absorbed by your skin.\u003c/p\u003e\r\n\u003cp\u003eVitamin C Under Eye Cream - Bid goodbye to under-eye dullness, dark circles, and hyperpigmentation with our \u003ca href=\"https://mamaearth.in/product/vitamin-c-under-eye-cream-for-dark-circles-with-vitamin-c-gotu-kola-for-brightening-under-eyes-20-ml\"\u003eUnder Eye Cream\u003c/a\u003e enriched with Vitamin C, Hyaluronic Acid, Niacinamide, and Gotu Kola. This eye cream contains under-eye massages that depuff the eye and increase blood circulation. \u003c/p\u003e\r\n\u003cp\u003e\u003ca href=\"https://mamaearth.in/product/rosemary-hair-growth-oil-150ml\"\u003eRosemary Oil\u003c/a\u003e - Take control of your hair care plans! Try Mamaearth’s Rosemary Hair Growth Oil, it features Rosemary and Methi Dana that promote hairgrowth and stimulate hair growth. This toxin-free hair oil also helps control excessivehair fall and strengthens hair roots.\u003c/p\u003e\r\n\u003cp\u003e\u003ca href=\"https://mamaearth.in/product/multani-mitti-face-wash-with-multani-mitti-bulgarian-rose-for-oil-control-acne-100-ml\"\u003eMultani Mitti Face Wash\u003c/a\u003e - Sensitive skin? Facing acne and pimples? Sign upfor the best skincare experience with our all-new Multani Mitti Face Wash. It featuresMultani Mitti and Bulgarian Rose that control excess oil to reduce acne andpromote hydration. \u003ca href=\"https://mamaearth.in/sitemap.xml\"\u003eSitemap\u003c/a\u003e\u003c/p\u003e\r\n\u003chr /\u003e\r\n\u003ch3\u003eMost Searched Natural Ingredients for Skin Care and Hair Care:\u003c/h3\u003e\r\n\u003cp\u003e\u003ca href=\"https://mamaearth.in/product-category/onion-products\"\u003eOnion Products for Hair\u003c/a\u003e, \u003ca title=\"Henna for Hair\" href=\"https://mamaearth.in/product-category/henna-range\"\u003eHenna for Hair\u003c/a\u003e, \u003ca title=\"Rice Water Products\" href=\"https://mamaearth.in/product-category/rice-range\"\u003eRice Water Products\u003c/a\u003e, \u003ca title=\"Ubtan Products\" href=\"https://mamaearth.in/product-category/ubtan\"\u003eUbtan Products\u003c/a\u003e, \u003ca title=\"Vitamin C Products\" href=\"https://mamaearth.in/product-category/vitamin-c\"\u003eVitamin C Products\u003c/a\u003e, \u003ca title=\"Green Tea Products\" href=\"https://mamaearth.in/product-category/green-tea\"\u003eGreen Tea Products\u003c/a\u003e, \u003ca title=\"Skin Hydration Products\" href=\"https://mamaearth.in/product-category/aqua-glow-range\"\u003eSkin Hydration Products\u003c/a\u003e, \u003ca title=\"Tea Tree Products\" href=\"https://mamaearth.in/product-category/tea-tree-range\"\u003eTea Tree Products\u003c/a\u003e, \u003ca title=\"Charcoal Products\" href=\"https://mamaearth.in/product-category/charcoal-range\"\u003eCharcoal Products\u003c/a\u003e, \u003ca title=\"Coffee Products\" href=\"https://mamaearth.in/product-category/coco\"\u003eCoffee Products\u003c/a\u003e, \u003ca title=\"Argan Care Range Products\" href=\"https://mamaearth.in/product-category/argan-range\"\u003eArgan Care Range Products\u003c/a\u003e, \u003ca title=\"Apple Cider Vinegar for Hair\" href=\"https://mamaearth.in/product-category/apple-cider-vinegar\"\u003eApple Cider Vinegar for Hair and Skin\u003c/a\u003e, \u003ca title=\"Retinol Products\" href=\"https://mamaearth.in/product-category/retinol\"\u003eRetinol Products\u003c/a\u003e, \u003ca title=\"Honey and Malai\" href=\"https://mamaearth.in/product-category/honey-malai\"\u003eHoney and Malai\u003c/a\u003e, \u003ca title=\"Amla Products for Hair\" href=\"https://mamaearth.in/product-category/bhringamla\"\u003eAmla Products for Hair\u003c/a\u003e, \u003ca href=\"https://mamaearth.in/product-category/nude-shade-lipstick\"\u003eNude Lipstick Shades\u003c/a\u003e\u003c/p\u003e\r\n\u003chr /\u003e\r\n\u003ch2\u003eMamaearth Products Price List in India\u003c/h2\u003e\r\n\u003ctable style=\"height: 306px;\"\u003e\r\n\u003ctbody\u003e\r\n\u003ctr\u003e\r\n\u003cth\u003eMamaearth\u003c/th\u003e\r\n\u003cth style=\"height: 18px; width: 48.8333px;\"\u003ePrice\u003c/th\u003e\r\n\u003c/tr\u003e\r\n\u003ctr\u003e\r\n\u003ctd style=\"height: 36px; width: 496.5px;\"\u003e\u003ca href=\"https://mamaearth.in/product/baby-face-cream\"\u003eBaby Cream\u003c/a\u003e\u003c/td\u003e\r\n\u003ctd style=\"height: 36px; width: 48.8333px;\"\u003eRs. 199\u003c/td\u003e\r\n\u003c/tr\u003e\r\n\u003ctr\u003e\r\n\u003ctd style=\"height: 36px; width: 496.5px;\"\u003e\u003ca href=\"https://mamaearth.in/product/buy-baby-lotion-online\"\u003eBaby Lotion\u003c/a\u003e\u003c/td\u003e\r\n\u003ctd style=\"height: 18px; width: 48.8333px;\"\u003eRs. 199\u003c/td\u003e\r\n\u003c/tr\u003e\r\n\u003ctr\u003e\r\n\u003ctd style=\"height: 36px; width: 496.5px;\"\u003e\u003ca href=\"https://mamaearth.in/product/oil-free-face-moisturizer-with-apple-cider-vinegar-for-acne-prone-skin\"\u003eOil Free Moisturizer\u003c/a\u003e\u003c/td\u003e\r\n\u003ctd style=\"height: 18px; width: 48.8333px;\"\u003eRs. 299\u003c/td\u003e\r\n\u003c/tr\u003e\r\n\u003ctr\u003e\r\n\u003ctd style=\"height: 36px; width: 496.5px;\"\u003e\u003ca href=\"https://mamaearth.in/product/onion-hair-oil-for-hair-regrowth-hair-fall-control-with-redensyl-250ml\"\u003eHair Growth Oil\u003c/a\u003e\u003c/td\u003e\r\n\u003ctd style=\"height: 36px; width: 48.8333px;\"\u003eRs. 599\u003c/td\u003e\r\n\u003c/tr\u003e\r\n\u003ctr\u003e\r\n\u003ctd style=\"height: 36px; width: 496.5px;\"\u003e\u003ca href=\"https://mamaearth.in/product/ultra-light-indian-sunscreen\"\u003eSunscreen Spf 50\u003c/a\u003e\u003c/td\u003e\r\n\u003ctd style=\"height: 36px; width: 64px;\"\u003eRs. 499\u003c/td\u003e\r\n\u003c/tr\u003e\r\n\u003c/tbody\u003e\r\n\u003c/table\u003e\r\n\u003cp\u003e \u003c/p\u003e\r\n\u003cp\u003e \u003c/p\u003e","description":null},"allBanners":{"primaryBanners":{"desktopBannerContent":[{"url":"https://st-images.honasa.in/web_wt_97dfbe0115.jpg","link":"/wow-wednesday-offer","alt":"WOW","title":"OMG | WEB"},{"url":"https://st-images.honasa.in/Desktop_CTA_0257c4dd17.jpg","link":"/product-category/perfume","alt":"WOW","title":"EDP Desktop Banner"}],"mobileBannerContent":[{"url":"https://st-images.honasa.in/mobile_wt_2798fb005a.jpg","link":"/wow-wednesday-offer","alt":"WOW","title":"OMG | MOBILE"},{"url":"https://st-images.honasa.in/Mobile_CTA_06ae4eeec9.jpg","link":"/product-category/perfume","alt":"WOW","title":"EDP Mobile Banner"}]},"secondaryBanners":{"desktopBannerContent":[],"mobileBannerContent":[]}},"homePageCarousels":[{"categId":52,"title":"Best Sellers","description":"\u003cp\u003eExplore best-selling safe, natural, and 100% toxin-free baby and beauty products from Mamaearth. Get amazing deals and start your toxin-free skin, hair, and baby care journey.\u003c/p\u003e","position":1,"shopLink":"/product-category/best-seller","products":[{"id":549,"tier_prices":[],"avg_rating_percent":"95","categories":[2,18,21,51,219,128,129,130,131,132,133,134,135,102,31,298,333,337,355,358,344,52],"hide_in_front":0,"image":"/r/i/rice-fw-1.jpg","is_in_stock":true,"name":"Rice Face Wash With Rice Water \u0026 Niacinamide for Glass Skin - 100 ml","position":"0","price":"269.00","product_card_tags":"Gently Cleanses Skin | Hydrates Skin","review_count":"314","sku":"8906087779032","special_price":"","special_price_from_date":{"date":"2023-06-09 00:10:00.000000","timezone_type":3,"timezone":"Asia/Kolkata"},"tags":"Buy3@899","url_key":"rice-face-wash-with-rice-water-niacinamide-for-glass-skin-100-ml","imageAltTags":["mamaearth rich face wash for glass skin and it's suitable for all skin types","mamaearth rice face wash benefits","mamaearth rice water face wash hero ingredients ","How to use the mamaearth rice water face wash ","mamaearth rice water face wash skin regime for glass skin","mamaearth rice water face wash is plastic positive, made safe certified and best of nature","Mamaearth Rice Face Wash With Rice Water and Niacinamide ","mamaearth rice water \u0026 niacinamide face wash for glass skin ","Rice Face Wash With Rice Water \u0026 Niacinamide for Glass Skin - 100 ml"],"size":"100ml","unitPrice":"2.69/ml","old_productid":"715"},{"id":571,"tier_prices":[],"avg_rating_percent":"97","categories":[2,18,21,51,217,128,129,130,131,132,133,134,135,260,102,31,337,355,358,52],"hide_in_front":0,"image":"/u/b/ubtan-face-wash_1_1_2.jpeg","is_in_stock":true,"name":"Ubtan Face Wash with Turmeric \u0026 Saffron for Tan Removal – 150 ml","position":"0","price":"399.00","product_card_tags":"Removes Tan | Brightens Skin","review_count":"418","sku":"8904417300512","special_price":"","special_price_from_date":{"date":"2023-10-19 23:13:00.000000","timezone_type":3,"timezone":"Asia/Kolkata"},"tags":"Buy3@899","url_key":"ubtan-face-wash-with-turmeric-saffron-for-tan-removal-150-ml","imageAltTags":["mamaearth turmeric face wash","mamaearth ubtan face wash for tan removal ","turmeric face wash uses","turmeric face wash for tan removal","turmeric face wash ingredients","mamaearth ubtan face wash benefits","face wash with turmeric"],"size":"150ml","unitPrice":"2.66/ml","old_productid":"728"},{"id":772,"tier_prices":[],"avg_rating_percent":"99","categories":[2,18,21,23,24,74,143,144,145,218,253,103,31,337,344,52],"hide_in_front":0,"image":"/v/i/vitamin-c-glow-serum_1.jpg","is_in_stock":true,"name":"Vitamin C Daily Glow Face Serum With Vitamin C \u0026 Turmeric for Radiant Skin - 30 ml","position":"0","price":"399.00","product_card_tags":"Enriched with 50X Vitamin C* | Brightens Skin","review_count":"82","sku":"8904417305838","special_price":"","special_price_from_date":{"date":"2023-10-19 23:18:00.000000","timezone_type":3,"timezone":"Asia/Kolkata"},"tags":"Buy3@899","url_key":"vitamin-c-daily-glow-face-serum-with-vitamin-c-turmeric-for-radiant-skin-30-ml","imageAltTags":["vitamin c daily glow face serum","mamaearth vitamin c daily glow face serum benefits","mamaearth vitamin c daily glow face serum ingredients","mamaearth vitamin c daily glow face serum","mamaearth vitamin c daily glow face serum use","mamaearth vitamin c daily glow face serum kit","vitamin c glow face serum","glow face serum"],"size":"30ml","unitPrice":"13.30/ml","old_productid":"861"},{"id":861,"tier_prices":[],"avg_rating_percent":"99","categories":[2,21,51,128,130,131,132,18,102,31,309,134,333,337,355,358,129,133,52],"hide_in_front":0,"image":"/m/u/multani_mitti_face_wash_1.jpg","is_in_stock":true,"name":"Multani Mitti Face Wash with Multani Mitti \u0026 Bulgarian Rose For Oil Control \u0026 Acne -  100 ml","position":"0","price":"269.00","product_card_tags":"Controls Oil \u0026 Acne | Promotes Hydration","review_count":"208","sku":"8904417306439","special_price":"","special_price_from_date":{"date":"2023-08-24 18:45:00.000000","timezone_type":3,"timezone":"Asia/Kolkata"},"tags":"Buy3@899","url_key":"multani-mitti-face-wash-with-multani-mitti-bulgarian-rose-for-oil-control-acne-100-ml","imageAltTags":["Multani Mitti Face Wash","Mamaearth Multani Mitti Face Wash ingredients","Mamaearth Multani Mitti Face Wash Uses","Multani Mitti Face Wash for oily skin","Mamaearth multani mitti range","Mamaearth multani mitti face wash review","mamaearth multani mitti cleanser benefits","mamaearth multani mitti face wash for oil control"],"size":"100ml","unitPrice":"2.69/ml","old_productid":"1000"},{"id":1143,"tier_prices":[],"avg_rating_percent":"100","categories":[2,5,51,129,131,133,134,135,18,31,333,335,337,351,358,128,52],"hide_in_front":0,"image":"/1/-/1-with-ingredients_3.jpg","imageAltTags":[null,null,null,null,"mamaearth beetroot face wash",null,null],"is_in_stock":true,"name":"Beetroot Gentle Face Wash With Beetroot \u0026 Hyaluronic Acid - 100 ml","position":"0","price":"259.00","product_card_tags":"Gives Natural Pink Glow | Hydrates Skin Intensely","review_count":"117","sku":"8904417311549","special_price":"","special_price_from_date":{"date":"2024-05-10 13:09:00.000000","timezone_type":3,"timezone":"Asia/Kolkata"},"tags":"Buy3@899","url_key":"beetroot-gentle-face-wash","size":"100ml","unitPrice":"2.59/ml","old_productid":"1141"},{"id":136,"tier_prices":[],"avg_rating_percent":"96","categories":[2,5,21,27,23,30,68,39,31,164,253,102,104,215,160,239,338,353,356,359,295,163,162,158,52],"hide_in_front":0,"image":"/w/i/with-ingredient.jpg","is_in_stock":true,"name":"Onion Shampoo with Onion \u0026 Plant Keratin for Hair Fall Control - 400ml","position":"0","price":"559.00","product_card_tags":"Reduces Hair Fall | Strengthens Hair |Softens Hair","review_count":"316","sku":"8906087772187","special_price":"","special_price_from_date":{"date":"2023-10-19 23:25:00.000000","timezone_type":3,"timezone":"Asia/Kolkata"},"tags":"Buy3@899","url_key":"onion-shampoo-for-hair-growth-and-hair-fall-control-with-onion-oil-and-plant-keratin-400ml","imageAltTags":[null,null,null,null,null,null,null,null],"size":"400ml","unitPrice":"1.40/ml","old_productid":"1319173"},{"id":1254,"tier_prices":[],"avg_rating_percent":"100","categories":[2,5,18,24,45,296,34,146,147,335,342,31,150,149,52],"hide_in_front":0,"image":"/1/-/1-with-ingredients_11.jpg","imageAltTags":[null,null,null,null,null,null,null,null],"is_in_stock":true,"name":"Beetroot Daily Glow Face Cream With Beetroot \u0026 Hyaluronic Acid - 80 g","position":"0","price":"249.00","product_card_tags":"Gives A Hydrated Pink Glow | Makes Skin Soft | Gives Instant Brightening Effect","review_count":"80","sku":"8904417312171","special_price":"","special_price_from_date":{"date":"2024-05-13 15:50:00.000000","timezone_type":3,"timezone":"Asia/Kolkata"},"tags":"Buy3@899","url_key":"beetroot-daily-glow-face-cream-80g","size":null,"unitPrice":null,"old_productid":"1252"},{"id":1147,"tier_prices":[],"avg_rating_percent":"99","categories":[2,18,154,218,267,31,333,357,361,52],"hide_in_front":0,"image":"/v/i/vit_c_glow_sunscreen1_white_bg.jpg","imageAltTags":[null,null,null,null,null,null,null,null],"is_in_stock":true,"name":"Vitamin C Daily Glow Sunscreen With Vitamin C \u0026 Turmeric for Sun Protection \u0026 Glow - 80 g","position":"0","price":"499.00","product_card_tags":"SPF 50 \u0026 PA++++ Protection | Adds Natural Glow","review_count":"125","sku":"8904417311501","special_price":"","special_price_from_date":{"date":"2023-10-19 23:19:00.000000","timezone_type":3,"timezone":"Asia/Kolkata"},"tags":"Buy3@899","url_key":"vitamin-c-daily-glow-sunscreen-with-vitamin-c-turmeric-for-sun-protection-glow-80-g","size":"80gm","unitPrice":"6.24/gm","old_productid":"1146"},{"id":959,"tier_prices":[],"avg_rating_percent":"99","categories":[2,27,39,272,31,160,162,338,353,356,295,163,158,52],"hide_in_front":0,"image":"/3/_/3_11.jpg","is_in_stock":true,"name":"Rosemary Anti-Hair Fall Shampoo with Rosemary \u0026 Methi Dana for Reducing Hair Loss \u0026 Breakage - 250 ml","position":"0","price":"349.00","product_card_tags":"Gives up to 94% Stronger Hair | Up to 93% Less Hair Fall | Made Safe Certified","review_count":"92","sku":"8904417307740","special_price":"","special_price_from_date":{"date":"2023-08-24 18:58:00.000000","timezone_type":3,"timezone":"Asia/Kolkata"},"tags":"Buy3@899","url_key":"rosemary-anti-hair-fall-shampoo-250ml","imageAltTags":["rosemary shampoo","mamaearth shampoo rosemary","shampoo with rosemary oil","rosemary oil in shampoo","rosemary hair growth shampoo","rosemary shampoo benefits","best rosemary shampoo for hair growth",null],"size":"250ml","unitPrice":"1.40/ml","old_productid":"981"},{"id":623,"tier_prices":[],"avg_rating_percent":"95","categories":[2,18,21,146,147,155,218,148,149,150,151,34,102,31,337,52],"hide_in_front":0,"image":"/v/i/vit-c-glow-cream1.jpg","is_in_stock":true,"name":"Vitamin C Daily Glow Face Cream With Vitamin C \u0026 Turmeric for Skin Illumination - 80 g","position":"0","price":"249.00","product_card_tags":"Brightens Skin | Moisturizes Skin","review_count":"142","sku":"8904417301762","special_price":"","special_price_from_date":{"date":"2024-05-10 13:09:00.000000","timezone_type":3,"timezone":"Asia/Kolkata"},"tags":"Buy3@899","url_key":"vitamin-c-daily-glow-face-cream-with-vitamin-c-turmeric-for-skin-illumination-80-g","imageAltTags":["vitamin c daily glow face cream","vitamin c face cream","vitamin c daily glow face cream benefits","daily glow face cream","daily glow face cream review\r\n","daily glow cream","mamaearth vitamin c face cream ","daily glow face cream",null],"size":"80gm","unitPrice":"3.11/gm","old_productid":"753"},{"id":1290,"tier_prices":[],"avg_rating_percent":"100","categories":[2,5,19,20,21,23,35,45,197,256,324,52],"hide_in_front":0,"image":"/1/_/1_white_bg_50.jpg","imageAltTags":[null,null,null,null,null,null,null,null,null],"is_in_stock":true,"name":"Mamaearth Into the Waves Eau De Parfum For Men - 100 ml","position":"0","price":"899.00","product_card_tags":"Made Safe Approved | Premium \u0026 Long-Lasting Fragrance | Blend of Exotic Ingredients","review_count":"29","sku":"8904417315301","special_price":"539.00","special_price_from_date":{"date":"2024-09-19 18:55:00.000000","timezone_type":3,"timezone":"Asia/Kolkata"},"tags":"Best Men Perfume","url_key":"mamaearth-into-the-waves-eau-de-parfum-for-men-100-ml","size":"100ml","unitPrice":"5.39/ml","old_productid":"1289"},{"id":408,"tier_prices":[],"avg_rating_percent":"95","categories":[2,5,21,125,195,283,102,31,317,360,52],"hide_in_front":0,"image":"/1/_/1_1_.jpg","is_in_stock":true,"name":"Charcoal Black Long Stay Kajal with Vitamin C \u0026 Chamomile for 11-Hour Smudge-free Stay","position":"0","price":"299.00","product_card_tags":"11-Hour Long Stay | Smudge-Proof | Waterproof","review_count":"237","sku":"8906087776758","special_price":"","special_price_from_date":{"date":"2024-05-10 13:09:00.000000","timezone_type":3,"timezone":"Asia/Kolkata"},"tags":"Buy3@899","url_key":"charcoal-black-long-stay-kajal-with-vitamin-c-chamomile","imageAltTags":["Kajal for eyes with Vitamin C \u0026 Chamomile\r\n","Mamaearth Charcoal Kajal","Waterproof Kajal\r\n","Black Long Stay Kajal","How To Use Mamaearth Kajal","Natural Kajal ","Kajal eyeliner pencil",null],"size":null,"unitPrice":null,"old_productid":"608"}]},{"categId":205,"title":"Lightning sale","description":"\u003cp\u003eExplore the goodness of nature from Mamaearth. Take a look at our lightning offers\u003c/p\u003e","position":2,"shopLink":"/product-category/lightning-sale","products":[{"id":1284,"tier_prices":[],"avg_rating_percent":"100","categories":[2,27,39,45,162,272,338,324,354,295,163,160,158,212,363,204,205],"hide_in_front":0,"image":"/w/i/with-claim.jpg","imageAltTags":[null,null,null,null,null,null,null,null,null],"is_in_stock":true,"name":"Rosemary Anti-Hair Fall Shampoo with Rosemary \u0026 Methi Dana for Reducing Hair Loss \u0026 Breakage - 600 ml","position":"7","price":"839.00","product_card_tags":"Gives up to 94% Stronger Hair | Up to 93% Less Hair Fall | Made Safe Certified","review_count":"5","sku":"8904417315073","special_price":"503.00","special_price_from_date":{"date":"2024-09-30 00:29:00.000000","timezone_type":3,"timezone":"Asia/Kolkata"},"special_price_to_date":{"date":"2024-09-30 23:59:00.000000","timezone_type":3,"timezone":"Asia/Kolkata"},"tags":"trending","url_key":"rosemary-anti-hair-fall-shampoo-600ml","size":"600ml","unitPrice":"0.84/ml","old_productid":"1282"},{"id":385,"tier_prices":[],"avg_rating_percent":"98","categories":[2,5,21,39,68,27,108,31,215,324,162,338,163,212,204,205],"hide_in_front":0,"image":"/w/i/with-ingredients_2.jpg","is_in_stock":true,"name":"Onion Shampoo for Hair Growth and Hair Fall Control with Onion and Plant Keratin - 1 Litre","position":"0","price":"1,299.00","product_card_tags":"Reduces Hair Fall | Strengthens \u0026 Smoothens Hair","review_count":"129","sku":"8906087776352","special_price":"649.00","special_price_from_date":{"date":"2024-09-30 00:29:00.000000","timezone_type":3,"timezone":"Asia/Kolkata"},"special_price_to_date":{"date":"2024-09-30 23:59:00.000000","timezone_type":3,"timezone":"Asia/Kolkata"},"tags":"Value pack","url_key":"onion-shampoo-for-hair-growth-hair-fall-control-with-onion-plant-keratin-1-litre","imageAltTags":[null,null,null,null,null,null,null,null],"size":"1000ml","unitPrice":"0.65/ml","old_productid":"474"},{"id":236,"tier_prices":[],"avg_rating_percent":"96","categories":[2,27,40,5,23,30,7,42,36,63,175,244,215,353,212,363,204,205],"hide_in_front":0,"image":"/1/_/1_white_bg_31.jpg","is_in_stock":true,"name":"Anti-Hair Fall Spa Kit","position":"2","price":"1,117.00","product_card_tags":"Boosts Growth | Reduces Hair Fall | Softens Hair","review_count":"570","sku":"8906087772323","special_price":"782.00","special_price_from_date":{"date":"2024-09-30 00:29:00.000000","timezone_type":3,"timezone":"Asia/Kolkata"},"special_price_to_date":{"date":"2024-09-30 23:59:00.000000","timezone_type":3,"timezone":"Asia/Kolkata"},"tags":"Hot Deal","url_key":"anti-hair-fall-spa-range","imageAltTags":["Anti-Hair Fall Spa Kit Reduce Hair Fall","Anti-Hair Fall Spa Kit With onion And plant Keratin","How To Use Anti-Hair Fall Spa Kit\r\n ","Goodness Of Onion Range Of Mamaearth ","Natural Anti-Hair Fall Spa Kit\r\n",null,null],"size":"650gm","unitPrice":"1.20/gm","old_productid":"306"},{"id":988,"tier_prices":[],"avg_rating_percent":"99","categories":[2,7,27,38,39,171,353,212,363,204,205],"hide_in_front":0,"image":"/2/_/2_22.jpg","is_in_stock":true,"name":"Rosemary Hair Care Kit - 650ml","position":"1","price":"1,117.00","product_card_tags":"Gives up to 94% Stronger Hair* | Up to 93% Less Hair Fall* | Made Safe Certified","review_count":"58","sku":"8904417309232","special_price":"782.00","special_price_from_date":{"date":"2024-09-30 00:29:00.000000","timezone_type":3,"timezone":"Asia/Kolkata"},"special_price_to_date":{"date":"2024-09-30 23:59:00.000000","timezone_type":3,"timezone":"Asia/Kolkata"},"tags":"Hot Deal","url_key":"rosemary-hair-fall-control-kit-650ml","imageAltTags":["rosemary oil for hair fall","Rosemary Hair Fall Control Kit benefits","Rosemary Hair Fall Control Kit ingredients","Rosemary Hair Fall Control Kit use","Rosemary Hair Fall Control Kit products","mamaearth Rosemary Hair Fall Control Kit","mamaearth Rosemary oil for hair Fall Control","Mamaearth Rosemary oil for hair Fall"],"size":null,"unitPrice":null,"old_productid":"1009"},{"id":607,"tier_prices":[],"avg_rating_percent":"95","categories":[2,18,21,51,128,129,130,131,132,133,134,135,217,55,257,305,337,212,363,204,205],"hide_in_front":0,"image":"/u/b/ubtan-combo_1_white_bg.jpg","is_in_stock":true,"name":"Ubtan Face Wash 150 ml (Pack of 2)","position":"4","price":"798.00","product_card_tags":"Removes Tan | Brightens Skin","review_count":"63","sku":"8904417302226","special_price":"559.00","special_price_from_date":{"date":"2024-09-30 00:29:00.000000","timezone_type":3,"timezone":"Asia/Kolkata"},"special_price_to_date":{"date":"2024-09-30 23:59:00.000000","timezone_type":3,"timezone":"Asia/Kolkata"},"tags":"value-pack","url_key":"ubtan-face-wash-150-ml-pack-of-2","imageAltTags":["mamaearth ubtan face wash benefits",null,null,null,"mamaearth ubtan face wash for tan removal pack of 2",null],"size":"300ml","unitPrice":"1.86/ml","old_productid":"740"},{"id":648,"tier_prices":[],"avg_rating_percent":"100","categories":[2,18,21,146,147,155,218,55,34,150,149,204,205],"hide_in_front":0,"image":"/v/i/vit-c-glow-cream_1_1.jpg","is_in_stock":true,"name":"Vitamin C Daily Glow Face Cream - 80 g - Pack of 2","position":"27","price":"498.00","product_card_tags":"Brightens Skin | Moisturizes Skin","review_count":"51","sku":"8904417303377","special_price":"374.00","special_price_from_date":{"date":"2024-09-30 00:29:00.000000","timezone_type":3,"timezone":"Asia/Kolkata"},"special_price_to_date":{"date":"2024-09-30 23:59:00.000000","timezone_type":3,"timezone":"Asia/Kolkata"},"tags":"value-pack","url_key":"vitamin-c-daily-glow-face-cream-80-g-pack-of-2","imageAltTags":[null,null,null,null,null,null,null],"size":"160gm","unitPrice":"2.34/gm","old_productid":"772"},{"id":704,"tier_prices":[],"avg_rating_percent":"93","categories":[2,55,21,51,219,298,305,337,344,204,205],"hide_in_front":0,"image":"/r/i/rice-face-wash---pack-of-2_white_bg.jpg","is_in_stock":true,"name":"Rice Face Wash With Rice Water \u0026 Niacinamide for Glass Skin - 100 ml (Pack of 2) ","position":"0","price":"538.00","product_card_tags":"Gently Cleanses Skin | Hydrates Skin","review_count":"43","sku":"8904417305135","special_price":"404.00","special_price_from_date":{"date":"2024-09-30 00:29:00.000000","timezone_type":3,"timezone":"Asia/Kolkata"},"special_price_to_date":{"date":"2024-09-30 23:59:00.000000","timezone_type":3,"timezone":"Asia/Kolkata"},"tags":"best-seller","url_key":"rice-face-wash-with-rice-water-niacinamide-for-glass-skin-100-ml-pack-of-2","imageAltTags":[null,null],"size":"200ml","unitPrice":"2.02/ml","old_productid":"816"},{"id":717,"tier_prices":[],"avg_rating_percent":"99","categories":[2,55,24,27,66,138,156,207,58,303,337,338,204,205],"hide_in_front":0,"image":"/a/l/aloe-vera-gel---pack-of-2_white_bg.jpg","is_in_stock":true,"name":"Aloe Vera Gel with Pure Aloe Vera \u0026 Vitamin E for Skin and Hair - 300 ml (Pack of 2)","position":"0","price":"638.00","product_card_tags":"Hydrates Skin | Soothes Irritated Skin","review_count":"34","sku":"8904417305432","special_price":"478.00","special_price_from_date":{"date":"2024-09-30 00:29:00.000000","timezone_type":3,"timezone":"Asia/Kolkata"},"special_price_to_date":{"date":"2024-09-30 23:59:00.000000","timezone_type":3,"timezone":"Asia/Kolkata"},"tags":"value-pack","url_key":"aloe-vera-gel-with-pure-aloe-vera-vitamin-e-for-skin-and-hair-300-ml-pack-of-2","imageAltTags":[null],"size":null,"unitPrice":null,"old_productid":"829"},{"id":1032,"tier_prices":[],"avg_rating_percent":"99","categories":[2,27,39,108,215,324,160,162,338,295,163,158,363,204,205],"hide_in_front":0,"image":"/w/h/white_bg.jpg","is_in_stock":true,"name":"Onion Shampoo for Hair Fall Control and Hair Growth with Onion \u0026 Plant Keratin - 650 ml","position":"15","price":"845.00","product_card_tags":"Reduces Hair Fall | Strengthens Hair | 8X Smoothness","review_count":"88","sku":"8904417309546","special_price":"423.00","special_price_from_date":{"date":"2024-09-30 00:29:00.000000","timezone_type":3,"timezone":"Asia/Kolkata"},"special_price_to_date":{"date":"2024-09-30 23:59:00.000000","timezone_type":3,"timezone":"Asia/Kolkata"},"tags":"best-seller","url_key":"onion-shampoo-for-hair-fall-control-and-hair-growth-with-onion-plant-keratin-650-ml","imageAltTags":[null,null,null,null,null,null,null,null],"size":"650ml","unitPrice":"0.65/ml","old_productid":"1058"},{"id":442,"tier_prices":[],"avg_rating_percent":"96","categories":[2,57,63,58,180,218,243,50,55,303,340,352,204,205],"hide_in_front":0,"image":"/1/_/1_white_bg_29.jpg","is_in_stock":true,"name":"Vitamin C Body Lotion with Vitamin C \u0026 Honey for Radiant Skin - 400 ml   (Pack of 2)","position":"1","price":"898.00","product_card_tags":"Deeply Hydrates | Makes Skin Radiant | Non-Greasy","review_count":"33","sku":"8906087774655","special_price":"359.00","special_price_from_date":{"date":"2024-09-30 00:29:00.000000","timezone_type":3,"timezone":"Asia/Kolkata"},"special_price_to_date":{"date":"2024-09-30 23:59:00.000000","timezone_type":3,"timezone":"Asia/Kolkata"},"tags":null,"url_key":"vitamin-c-body-lotion-with-vitamin-c-honey-for-radiant-skin-400-ml-pack-of-2","imageAltTags":[null,null],"size":"800ml","unitPrice":"0.45/ml","old_productid":"632"},{"id":1166,"tier_prices":[],"avg_rating_percent":"98","categories":[2,5,18,45,157,296,55,24,204,205],"hide_in_front":0,"image":"/f/o/fop_white_bg_20.jpg","imageAltTags":[null,null],"is_in_stock":true,"name":"Beetroot Natural Pink Glow Combo","position":"50","price":"608.00","product_card_tags":"Gives Natural Pink Glow | Hydrates \u0026 Moisturizes","review_count":"11","sku":"8904417313703","special_price":"456.00","special_price_from_date":{"date":"2024-09-30 00:29:00.000000","timezone_type":3,"timezone":"Asia/Kolkata"},"special_price_to_date":{"date":"2024-09-30 23:59:00.000000","timezone_type":3,"timezone":"Asia/Kolkata"},"tags":"Trending","url_key":"beetroot-natural-pink-glow-combo","size":null,"unitPrice":null,"old_productid":"1165"},{"id":1151,"tier_prices":[],"avg_rating_percent":"100","categories":[2,5,45,85,88,155,217,218,55,204,205],"hide_in_front":0,"image":"/u/b/ubtan-fw-100ml-vit-c-glow-face-cream_white_bg.jpg","imageAltTags":[null,null],"is_in_stock":true,"name":"Daily DeTan Combo","position":"50","price":"508.00","product_card_tags":"Removes Tan | Evens Skin Tone | Brightens Skin","review_count":"8","sku":"8904417312621","special_price":"381.00","special_price_from_date":{"date":"2024-09-30 00:29:00.000000","timezone_type":3,"timezone":"Asia/Kolkata"},"special_price_to_date":{"date":"2024-09-30 23:59:00.000000","timezone_type":3,"timezone":"Asia/Kolkata"},"tags":"Trending","url_key":"daily-detan-combo","size":null,"unitPrice":null,"old_productid":"1150"},{"id":1014,"tier_prices":[],"avg_rating_percent":"100","categories":[2,125,214,22,289,320,324,354,204,205],"hide_in_front":0,"image":"/a/l/almond_glow_white_bg_1.jpg","is_in_stock":true,"name":"Glow Full Coverage Compact With SPF 30 - 9g | Almond Glow","position":"0","price":"599.00","product_card_tags":"3X Instant Glow | Full Coverage | Up to 16-Hour Oil Control","review_count":"21","sku":"8904417309034","special_price":"359.00","special_price_from_date":{"date":"2024-09-30 00:29:00.000000","timezone_type":3,"timezone":"Asia/Kolkata"},"special_price_to_date":{"date":"2024-09-30 23:59:00.000000","timezone_type":3,"timezone":"Asia/Kolkata"},"tags":"new launch","url_key":"glow-full-coverage-compact-with-spf-30-9g-almond-glow","imageAltTags":[null,null,null,null,null,null,null,null,null],"size":null,"unitPrice":null,"old_productid":"1054"},{"id":1010,"tier_prices":[],"avg_rating_percent":"99","categories":[2,125,214,106,289,21,320,324,354,204,205],"hide_in_front":0,"image":"/p/e/pearl_glow_white_bg.jpg","is_in_stock":true,"name":"Glow Full Coverage Compact With SPF 30 - 9g | Pearl Glow ","position":"0","price":"599.00","product_card_tags":"3X Instant Glow | Full Coverage | Up to 16-Hour Oil Control","review_count":"24","sku":"8904417308990","special_price":"359.00","special_price_from_date":{"date":"2024-09-30 00:29:00.000000","timezone_type":3,"timezone":"Asia/Kolkata"},"special_price_to_date":{"date":"2024-09-30 23:59:00.000000","timezone_type":3,"timezone":"Asia/Kolkata"},"tags":"must-try","url_key":"glow-full-coverage-compact-with-spf-30-9g-pearl-glow","imageAltTags":[null,null,null,null,null,null,null,null,null],"size":null,"unitPrice":null,"old_productid":"1029"},{"id":968,"tier_prices":[],"avg_rating_percent":"99","categories":[2,38,39,55,322,204,205],"hide_in_front":0,"image":"/l/i/listing_images__1200x1200__4_1_white_bg.jpg","is_in_stock":true,"name":"Lemon Anti-Dandruff Combo - 250ml + 250ml","position":"0","price":"698.00","product_card_tags":"Reduces Up to 100% Dandruff | Soothes Itchiness","review_count":"28","sku":"8904417308839","special_price":"524.00","special_price_from_date":{"date":"2024-09-30 00:29:00.000000","timezone_type":3,"timezone":"Asia/Kolkata"},"special_price_to_date":{"date":"2024-09-30 23:59:00.000000","timezone_type":3,"timezone":"Asia/Kolkata"},"tags":"trending","url_key":"lemon-anti-dandruff-combo","imageAltTags":["Dandruff Treatment for hair ingredients","Mamaearth Dandruff Treatment"],"size":null,"unitPrice":null,"old_productid":"998"},{"id":821,"tier_prices":[],"avg_rating_percent":"100","categories":[2,55,229,204,205],"hide_in_front":0,"image":"/v/i/vitamin-c-glow-combo__fop__white_bg.jpg","is_in_stock":true,"name":"Vitamin C Glow Combo - 100ml + 300ml","position":"0","price":"658.00","product_card_tags":"Vitamin C Face Wash 100ml  + Vitamin C Sunscreen 300 ml","review_count":"34","sku":"8904417306910","special_price":"493.00","special_price_from_date":{"date":"2024-09-30 00:29:00.000000","timezone_type":3,"timezone":"Asia/Kolkata"},"special_price_to_date":{"date":"2024-09-30 23:59:00.000000","timezone_type":3,"timezone":"Asia/Kolkata"},"tags":"new launch","url_key":"vitamin-c-glow-combo","imageAltTags":[null,null],"size":null,"unitPrice":null,"old_productid":"887"},{"id":1364,"tier_prices":[],"avg_rating_percent":"0","categories":[2,5,55,214,285,287,288,204,205],"hide_in_front":0,"image":"/c/o/compact_and_foundation_white_bg.jpg","imageAltTags":[null],"is_in_stock":true,"name":"Glow Getter’s Combo – Glow Serum Foundation \u0026 Glow Full Coverage Compact","position":"50","price":"1,198.00","product_card_tags":"Instant Glow | Long Stay | Made Safe Certified","review_count":"0","sku":"8904417317091","special_price":"599.00","special_price_from_date":{"date":"2024-09-30 00:29:00.000000","timezone_type":3,"timezone":"Asia/Kolkata"},"special_price_to_date":{"date":"2024-09-30 23:59:00.000000","timezone_type":3,"timezone":"Asia/Kolkata"},"tags":null,"url_key":"glow-getter-s-combo-glow-serum-foundation-glow-full-coverage-compact","size":null,"unitPrice":null,"old_productid":"1363"},{"id":1211,"tier_prices":[],"avg_rating_percent":"100","categories":[2,27,40,171,272,5,338,353,354,356,33,204,205],"hide_in_front":0,"image":"/3/_/3_78.jpg","imageAltTags":[null,null,null,null,null,null,null,null,null],"is_in_stock":true,"name":"Rosemary Hair Growth Oil with Rosemary \u0026 Methi Dana for Promoting Hair Growth - 200 ml","position":"0","price":"499.00","product_card_tags":"Stimulates Hair Growth | Controls Hair Fall | Strengthens Hair ","review_count":"9","sku":"8904417313574","special_price":"249.00","special_price_from_date":{"date":"2024-09-30 14:53:00.000000","timezone_type":3,"timezone":"Asia/Kolkata"},"special_price_to_date":{"date":"2024-09-30 23:59:00.000000","timezone_type":3,"timezone":"Asia/Kolkata"},"tags":"Buy3@899","url_key":"rosemary-hair-growth-oil-200ml","size":"200ml","unitPrice":"1.25/ml","old_productid":"1210"},{"id":1053,"tier_prices":[],"avg_rating_percent":"100","categories":[2,5,23,27,30,40,70,171,174,176,253,215,354,173,295,175,204,205],"hide_in_front":0,"image":"/o/n/onion_hair_oil_200ml_fop_1200x1200.png","is_in_stock":true,"name":"Onion Hair Oil with Onion Oil \u0026 Redensyl for Hair Fall Control - 200 ml","position":"0","price":"499.00","product_card_tags":"Boosts Hair Growth | Adds Strength \u0026 Shine","review_count":"7","sku":"8904417310245","special_price":"299.00","special_price_from_date":{"date":"2024-09-30 12:26:00.000000","timezone_type":3,"timezone":"Asia/Kolkata"},"special_price_to_date":{"date":"2024-09-30 23:59:00.000000","timezone_type":3,"timezone":"Asia/Kolkata"},"tags":"Buy3@899","url_key":"onion-hair-oil-for-hair-regrowth-hair-fall-control-with-redensyl-200ml","imageAltTags":["mamaearth Redensyl oil benefits","mamaearth Redensyl oil ingredients","mamaearth Redensyl hair oil uses","mamaearth Redensyl oil uses","Redensyl oil","Redensyl oil","Redensyl oil before and after","Redensyl oil regimen"],"size":"200ml","unitPrice":"1.50/ml","old_productid":"11047"}]},{"categId":53,"title":"Skin Care","description":"\u003cp\u003eExplore 100% toxin-free and safe skincare products by Mamaearth that are formulated with love and the goodness of natural ingredients\u003c/p\u003e","position":4,"shopLink":"/product-category/skin","products":[{"id":56,"tier_prices":[],"avg_rating_percent":"96","categories":[2,18,5,19,28,20,21,23,24,51,31,129,134,135,217,239,253,128,344,358,53],"hide_in_front":0,"image":"/1/-/1-wid-ingredients.jpg","is_in_stock":true,"name":"Ubtan Face Wash with Turmeric \u0026 Saffron for Tan Removal – 100ml","position":"0","price":"269.00","product_card_tags":"Removes Tan | Brightens Skin","review_count":"1643","sku":"8906087770671","special_price":"","special_price_from_date":{"date":"2024-05-10 13:09:00.000000","timezone_type":3,"timezone":"Asia/Kolkata"},"tags":"Buy3@899","url_key":"ubtan-face-wash","imageAltTags":["Mamaearth Ubtan Face Wash for tan removal ","mamaearth ubtan face wash","ubtan face wash","mama earth face wash","mamaearth face wash ubtan","mamaearth tan removal face wash","mamaearth tan removal","ubtan face wash mamaearth","mamaearth ubtan face wash benefits"],"size":"100ml","unitPrice":"2.69/ml","old_productid":"36776"},{"id":204,"tier_prices":[],"avg_rating_percent":"96","categories":[2,21,18,23,24,84,5,51,31,128,130,131,134,135,139,218,253,239,344,358,53],"hide_in_front":0,"image":"/v/i/vit-c-face-wash-with-ingredient.jpg","is_in_stock":true,"name":"Vitamin C Face Wash with Vitamin C and Turmeric for Skin Illumination - 100ml","position":"0","price":"269.00","product_card_tags":"Brightens Skin | Evens Skin Tone| Makes Skin Glow","review_count":"747","sku":"8906087772859","special_price":"","special_price_from_date":{"date":"2023-10-19 23:15:00.000000","timezone_type":3,"timezone":"Asia/Kolkata"},"tags":"Buy3@899","url_key":"vitamin-c-face-wash-with-vitamin-c-and-turmeric-for-skin-illumination-100ml","imageAltTags":["mamaearth vitamin c face wash for skin illumination ","benefits of mamaearth vitamin c face wash","mamaearth vitamin c face wash for acne ingredients",null,null,null,null,null,"is vitamin c face wash good for dry skin"],"size":"100ml","unitPrice":"2.69/ml","old_productid":"273"},{"id":551,"tier_prices":[],"avg_rating_percent":"89","categories":[2,18,21,157,219,118,298,236,53],"hide_in_front":0,"image":"/r/i/rice-oil-free-face-moisturizer_1.jpg","is_in_stock":true,"name":"Rice Oil-Free Face Moisturizer With Rice Water \u0026 Niacinamide for Glass Skin - 80 g","position":"0","price":"319.00","product_card_tags":"24-Hour Hydration | Brightens Skin Tone","review_count":"116","sku":"8906087779216","special_price":"","special_price_from_date":{"date":"2023-03-25 00:21:00.000000","timezone_type":3,"timezone":"Asia/Kolkata"},"tags":"Buy3@899","url_key":"rice-oil-free-face-moisturizer-with-rice-water-niacinamide-for-glass-skin-80-g","imageAltTags":["Niacinamide Moisturizer","Rice moisturizer benefits","rice face Moisturizer ingredients","rice water Moisturizer with niacinamide","rice water face Moisturizer","rice face Moisturizer for for glass skin","Rice water Moisturizer for face","Rice Oil Free Face Moisturizer"],"size":null,"unitPrice":null,"old_productid":"717"},{"id":779,"tier_prices":[],"avg_rating_percent":"99","categories":[2,218,18,154,31,267,333,337,344,357,361,53],"hide_in_front":0,"image":"/v/i/vit_c_glow_sunscreen1_white_bg_1.jpg","is_in_stock":true,"name":"Vitamin C Daily Glow Sunscreen with Vitamin C \u0026 Turmeric for Sun Protection \u0026 Glow - 50 g","position":"0","price":"349.00","product_card_tags":"SPF 50 \u0026 PA++++ Protection | Adds Natural Glow","review_count":"172","sku":"8904417305258","special_price":"","special_price_from_date":{"date":"2023-10-19 23:19:00.000000","timezone_type":3,"timezone":"Asia/Kolkata"},"tags":"Buy3@899","url_key":"vitamin-c-daily-glow-sunscreen-with-vitamin-c-turmeric-for-sun-protection-glow-50-g","imageAltTags":[null,null,null,null,null,null,null,null],"size":"50gm","unitPrice":"6.98/gm","old_productid":"867"},{"id":54,"tier_prices":[],"avg_rating_percent":"96","categories":[2,18,5,20,21,23,24,51,31,128,136,224,253,107,329,358,129,131,133,53],"hide_in_front":0,"image":"/1/_/1_25.jpg","is_in_stock":true,"name":"Charcoal Face Wash for Oil Control, 100ml","position":"0","price":"269.00","product_card_tags":"Pollution Defense Formula | Controls Excess Oil","review_count":"390","sku":"8906087770657","special_price":"","special_price_from_date":{"date":"2023-06-09 00:12:00.000000","timezone_type":3,"timezone":"Asia/Kolkata"},"tags":"Buy3@899","url_key":"best-charcoal-face-wash","imageAltTags":["Best Charcoal face wash","Benefits of charcoal face wash","Ingredients of mamaearth charcoal face wash","charcoal face wash","mamaearth charcoal face wash","mamaearth face wash","mamaearth face wash charcoal","charcoal face wash benefits","mamaearth charcoal face wash ingredients"],"size":"100ml","unitPrice":"2.69/ml","old_productid":"36764"},{"id":778,"tier_prices":[],"avg_rating_percent":"97","categories":[2,18,21,23,24,74,143,144,145,218,253,337,53],"hide_in_front":0,"image":"/v/i/vitamin-c-glow-serum_1_1_1.jpg","is_in_stock":true,"name":"Vitamin C Daily Glow Face Serum 10 ml","position":"0","price":"225.00","product_card_tags":"Enriched with 50X Vitamin C* | Brightens Skin","review_count":"23","sku":"8904417306033","special_price":"","special_price_from_date":{"date":"2023-10-19 23:17:00.000000","timezone_type":3,"timezone":"Asia/Kolkata"},"tags":"Buy3@899","url_key":"vitamin-c-daily-glow-face-serum-10-ml","imageAltTags":[null,null,null,null,null,null,null],"size":"10ml","unitPrice":"22.50/ml","old_productid":"866"},{"id":1055,"tier_prices":[],"avg_rating_percent":"100","categories":[2,20,21,23,219,255,18,45,298,53],"hide_in_front":0,"image":"/1/-/1-with-ingredient_1.jpg","is_in_stock":true,"name":"Rice Facial Kit With Rice Water \u0026 Niacinamide for Glass Skin - 60 g","position":"0","price":"399.00","product_card_tags":"Salon-Like Glow in 6 Steps | Improves Skin Texture","review_count":"92","sku":"8904417310023","special_price":"","special_price_from_date":{"date":"2024-05-13 15:53:00.000000","timezone_type":3,"timezone":"Asia/Kolkata"},"tags":"Buy3@899","url_key":"rice-facial-kit-with-rice-water-niacinamide-for-glass-skin-60-g","imageAltTags":[null,null,null,null,null,null,null],"size":null,"unitPrice":null,"old_productid":"11045"},{"id":151,"tier_prices":[],"avg_rating_percent":"94","categories":[18,27,2,21,5,23,24,66,31,132,138,156,207,253,58,110,102,338,355,53],"hide_in_front":0,"image":"/a/l/aloe_vera_gel_1.jpg","is_in_stock":true,"name":"Aloe Vera Gel for Skin and Hair - 300ml","position":"0","price":"319.00","product_card_tags":"Hydrates Skin | Soothes Irritated Skin","review_count":"501","sku":"8906087772439","special_price":"","special_price_from_date":{"date":"2023-11-08 00:12:00.000000","timezone_type":3,"timezone":"Asia/Kolkata"},"tags":"Buy3@899","url_key":"aloe-vera-gel-for-face-with-pure-aloe-vera-vitamin-e-for-skin-and-hair-300ml","imageAltTags":["aloe vera gel for hair","mamaearth aloe vera gel for skin benefits","aloe vera gel with pure aloe vera and vitamin e ingredients","how to use aloe vera for face","goodness of aloe vera range of mamaearth ","Natural Aloe Vera Gel for Skin and Hair ","mamaearth aloe vera gel 100ml"],"size":"300ml","unitPrice":"1.06/ml","old_productid":"216"}]},{"categId":33,"title":"Hair Care","description":"\u003cp\u003eExplore 100% toxin-free and safe Hair products, formulated with the goodness of natural ingredients and no harmful chemicals.\u003c/p\u003e","position":5,"shopLink":"/product-category/hair","products":[{"id":958,"tier_prices":[],"avg_rating_percent":"98","categories":[2,27,40,171,272,31,102,338,173,295,175,33],"hide_in_front":0,"image":"/3/_/3_1.png","is_in_stock":true,"name":"Rosemary Hair Growth Oil with Rosemary \u0026 Methi Dana for Promoting Hair Growth - 150 ml","position":"0","price":"419.00","product_card_tags":"Stimulates Hair Growth | Controls Hair Fall | Strengthens Hair ","review_count":"153","sku":"8904417307764","special_price":"","special_price_from_date":{"date":"2023-08-24 19:01:00.000000","timezone_type":3,"timezone":"Asia/Kolkata"},"tags":"Buy3@899","url_key":"rosemary-hair-growth-oil-150ml","imageAltTags":["best rosemary oil for hair growth","mamaearth rosemary hair oil ingredients","rosemary hair growth oil benefits","how to use rosemary oil for hair","mamaearth rosemary oil for hair","mamaearth rosemary hair oil","mamaearth rosemary oil benefits for hair","best rosemary hair oil for hair growth in india","Mamamearth rosemary oil, rosemary oil for hair"],"size":"150ml","unitPrice":"2.79/ml","old_productid":"977"},{"id":1230,"tier_prices":[],"avg_rating_percent":"99","categories":[2,5,23,27,30,40,70,171,174,176,215,253,31,338,344,324,353,356,173,295,175,33],"hide_in_front":0,"image":"/_/o/_onion-oil-250ml__1_1_1.jpeg","imageAltTags":["mamaearth onion oil benefits","mamaearth onion oil ingredients","mamaearth onion hair oil uses","mamaearth onion oil uses","onion oil before and after","onion oil regimen","Mamaearth onion oil"],"is_in_stock":true,"name":"Onion Hair Oil with Onion Oil \u0026 Redensyl for Hair Fall Control - 250 ml","position":"0","price":"599.00","product_card_tags":"Boosts Hair Growth | Adds Strength \u0026 Shine","review_count":"126","sku":"8906087772491","special_price":"","special_price_from_date":{"date":"2024-05-10 13:09:00.000000","timezone_type":3,"timezone":"Asia/Kolkata"},"tags":"best-seller","url_key":"onion-hair-oil-for-hair-regrowth-hair-fall-control-with-redensyl-250ml","size":"250ml","unitPrice":"2.40/ml","old_productid":"221"},{"id":121,"tier_prices":[],"avg_rating_percent":"93","categories":[2,5,21,27,29,23,30,68,39,70,72,31,160,161,162,164,253,215,338,344,359,163,33],"hide_in_front":0,"image":"/o/n/onion-shampoo-with-ingredient.jpg","is_in_stock":true,"name":"Onion Shampoo with Onion and Plant Keratin for Hair Fall Control - 250ml","position":"0","price":"349.00","product_card_tags":"Reduces Hair Fall | Strengthens Hair | Softens Hair","review_count":"875","sku":"8906087771807","special_price":"","special_price_from_date":{"date":"2023-08-24 18:55:00.000000","timezone_type":3,"timezone":"Asia/Kolkata"},"tags":"Buy3@899","url_key":"mamaearth-onion-shampoo-for-hair-growth-hair-fall-control-with-onion-oil-plant-keratin-250-ml","imageAltTags":["onion shampoo benefits","onion shampoo ingredients","onion hair shampoo natural ingredients","onion hair shampoo uses","mamaearth onion hair shampoo","onion shampoo for hair",null,"Onion hair shampoo uses"],"size":"250ml","unitPrice":"1.40/ml","old_productid":"849221"},{"id":1211,"tier_prices":[],"avg_rating_percent":"100","categories":[2,27,40,171,272,5,338,353,354,356,33,204,205],"hide_in_front":0,"image":"/3/_/3_78.jpg","imageAltTags":[null,null,null,null,null,null,null,null,null],"is_in_stock":true,"name":"Rosemary Hair Growth Oil with Rosemary \u0026 Methi Dana for Promoting Hair Growth - 200 ml","position":"0","price":"499.00","product_card_tags":"Stimulates Hair Growth | Controls Hair Fall | Strengthens Hair ","review_count":"9","sku":"8904417313574","special_price":"249.00","special_price_from_date":{"date":"2024-09-30 14:53:00.000000","timezone_type":3,"timezone":"Asia/Kolkata"},"special_price_to_date":{"date":"2024-09-30 23:59:00.000000","timezone_type":3,"timezone":"Asia/Kolkata"},"tags":"Buy3@899","url_key":"rosemary-hair-growth-oil-200ml","size":"200ml","unitPrice":"1.25/ml","old_productid":"1210"},{"id":1234,"tier_prices":[],"avg_rating_percent":"95","categories":[2,5,45,76,178,179,272,343,324,27,353,356,295,33],"hide_in_front":0,"image":"/3/_/3_75.jpg","imageAltTags":[null,null,null,null,null,null,null,null,null],"is_in_stock":true,"name":"Rosemary Hair Growth Scalp Serum with 95% Pure Rosemary Oil Extract \u0026 4% Anagain  - 50 ml","position":"0","price":"599.00","product_card_tags":"Stimulates Hair Growth | Controls Hair Fall | Makes Hair Thicker","review_count":"51","sku":"8904417313765","special_price":"","special_price_from_date":{"date":"2024-05-10 16:29:00.000000","timezone_type":3,"timezone":"Asia/Kolkata"},"tags":"Trending | Low Stock","url_key":"rosemary-hair-growth-scalp-serum-50-ml","size":null,"unitPrice":null,"old_productid":"12041"},{"id":960,"tier_prices":[],"avg_rating_percent":"98","categories":[2,27,38,165,166,272,108,338,353,356,295,33],"hide_in_front":0,"image":"/w/i/with_claim.jpg","is_in_stock":true,"name":"Rosemary Anti-Hair Fall Conditioner with Rosemary \u0026 Methi Dana for Reducing Hair Loss \u0026 Breakage - 250 ml","position":"0","price":"349.00","product_card_tags":"Gives up to 94% Stronger Hair| Up to 94% Smoother Hair| Made Safe Certified","review_count":"37","sku":"8904417307757","special_price":"","special_price_from_date":{"date":"2023-08-24 19:05:00.000000","timezone_type":3,"timezone":"Asia/Kolkata"},"tags":"Buy3@899","url_key":"rosemary-anti-hair-fall-conditioner-250ml","imageAltTags":["mamaearth rosemary hair conditioner","mamaearth Rosemary Anti-Hair Fall Conditioner","mamaearth rosemary hair conditioner ingredients","mamaearth rosemary hair conditioner use","mamaearth rosemary hair conditioner benefits","mamaearth rosemary hair conditioner","mamaearth rosemary regimen","mamaearth rosemary hair conditioner for growth","mamaearth rosemary hair conditioner price"],"size":null,"unitPrice":null,"old_productid":"979"},{"id":756,"tier_prices":[],"avg_rating_percent":"96","categories":[2,27,39,68,158,161,164,160,162,108,322,31,359,295,163,33],"hide_in_front":0,"image":"/l/e/lemon-anti-dandruff-shampoo_1_1_2.jpg","is_in_stock":true,"name":"Lemon Anti-Dandruff Shampoo with Lemon \u0026 Ginger for up to 100% Dandruff \u0026 Itch-free Scalp- 250 ml","position":"0","price":"349.00","product_card_tags":"Reduces Up to 100% Dandruff | Soothes Itchiness","review_count":"76","sku":"8904417305043","special_price":"","special_price_from_date":{"date":"2023-08-24 18:53:00.000000","timezone_type":3,"timezone":"Asia/Kolkata"},"tags":"Buy3@899","url_key":"lemon-anti-dandruff-shampoo-with-lemon-ginger-for-up-to-100-dandruff-itch-free-scalp-250-ml","imageAltTags":["anti dandruff shampoo, dandruff shampoo, anti hair fall shampoo, scalp shampoo","anti dandruff shampoo, dandruff shampoo, anti hair fall shampoo, scalp shampoo, best shampoo for dandruff and hairfall","antidandruff shampoo","shampoo for dandruff and hairfall","shampoo for dandruff","hair dandruff shampoo","anti dandruff shampoo, dandruff shampoo, anti hair fall shampoo, scalp shampoo, best shampoo for dandruff and hairfall"],"size":"250ml","unitPrice":"1.40/ml","old_productid":"848"},{"id":1366,"tier_prices":[],"avg_rating_percent":"88","categories":[2,5,27,45,272,295,353,33],"hide_in_front":0,"image":"/1/_/1_49.jpg","imageAltTags":[null,null,null,null,null,null,null,null,null],"is_in_stock":true,"name":"Rosemary Water Anti-Hair Fall Spray with 100% Pure Steam Distilled Rosemary Water \u0026 Methi Dana for Hair - 200 ml ","position":"6","price":"399.00","product_card_tags":"Reduces Hair Fall \u0026 Adds Strength | Promotes Hair Growth \u0026 Density | Makes Hair Shiny \u0026 Frizz-Free for 24 hours","review_count":"32","sku":"8904417316766","special_price":"","tags":"BUY3@899","url_key":"rosemary-water-anti-hair-fall-spray-with-100-pure-steam-distilled-rosemary-water-methi-dana-for-hair-200-ml","size":null,"unitPrice":null,"old_productid":"1365"}]},{"categId":237,"title":"Fragrances","description":"\u003cp\u003eMamaearth Perfume range is the India’s 1st Made Safe Certified perfume and is inspired by both nature and you.\u003c/p\u003e","position":6,"shopLink":"/product-category/perfume","products":[{"id":1310,"tier_prices":[],"avg_rating_percent":"99","categories":[2,5,19,20,21,35,45,58,197,256,324,237],"hide_in_front":0,"image":"/1/_/1_white_bg_53.jpg","imageAltTags":[null,null,null,null,null,null,null,null,null],"is_in_stock":true,"name":"Mamaearth Into the Woods Eau De Parfum For Men - 100ml","position":"0","price":"899.00","product_card_tags":"Made Safe Approved | Premium \u0026 Long Lasting Fragrance | Blend of Exotic Ingredients","review_count":"33","sku":"8904417315493","special_price":"539.00","special_price_from_date":{"date":"2024-09-19 18:56:00.000000","timezone_type":3,"timezone":"Asia/Kolkata"},"tags":"No. 1 MEN PERFUME","url_key":"mamaearth-into-the-woods-eau-de-parfum-for-men-100ml","size":"100ml","unitPrice":"5.39/ml","old_productid":"1309"},{"id":1309,"tier_prices":[],"avg_rating_percent":"99","categories":[2,5,19,20,21,35,45,58,197,256,324,237],"hide_in_front":0,"image":"/1/_/1_fop_white_bg_1.jpg","imageAltTags":[null,null,null,null,null,null,null,null],"is_in_stock":true,"name":"Mamaearth Into the Valley Eau De Parfum For Women - 100 ml","position":"0","price":"899.00","product_card_tags":"Made Safe Approved | Premium \u0026 Long Lasting Fragrance | Blend of Exotic Ingredients","review_count":"36","sku":"8904417315509","special_price":"539.00","special_price_from_date":{"date":"2024-09-19 18:57:00.000000","timezone_type":3,"timezone":"Asia/Kolkata"},"tags":"Best Women Perfume","url_key":"mamaearth-into-the-valley-eau-de-parfum-for-women-100ml","size":"100ml","unitPrice":"5.39/ml","old_productid":"1308"},{"id":1333,"tier_prices":[],"avg_rating_percent":"87","categories":[2,5,19,21,35,45,197,256,237],"hide_in_front":0,"image":"/m/e/men_s_set_of_2_white_bg.jpg","imageAltTags":[null,null,null,null,null,null,null],"is_in_stock":true,"name":"Mamaearth Perfume Gift Set for Men- Set of 2","position":"0","price":"599.00","product_card_tags":"Made Safe Approved | Travel-Friendly Pack | Premium \u0026 Long-Lasting Fragrances | Blend of Exotic Ingredients","review_count":"30","sku":"8904417316094","special_price":"359.00","special_price_from_date":{"date":"2024-09-19 18:58:00.000000","timezone_type":3,"timezone":"Asia/Kolkata"},"tags":"Trending | New Launch","url_key":"mamaearth-eau-de-parfum-set-of-2-man","size":null,"unitPrice":null,"old_productid":"1332"},{"id":1334,"tier_prices":[],"avg_rating_percent":"86","categories":[2,5,35,45,58,197,256,237],"hide_in_front":0,"image":"/w/o/women_s_set_of_2_white_bg.jpg","imageAltTags":[null,null,null,null,null,null,null],"is_in_stock":true,"name":"Mamaearth Perfume Gift Set for Women - Set of 2","position":"0","price":"599.00","product_card_tags":"Made Safe Approved | Travel-Friendly Pack | Premium \u0026 Long-Lasting Fragrances | Blend of Exotic Ingredients | For Her","review_count":"35","sku":"8904417316100","special_price":"359.00","special_price_from_date":{"date":"2024-09-19 19:00:00.000000","timezone_type":3,"timezone":"Asia/Kolkata"},"tags":"new launch","url_key":"mamaearth-eau-de-parfum-set-of-2-woman","size":null,"unitPrice":null,"old_productid":"1333"}]},{"categId":25,"title":"Makeup","description":"\u003cp\u003eColor with care with our all-new colorcare range that’s 100% toxin-free and formulated with the goodness of natural ingredients. Check out our newly launched products \u0026 bring home your new favorites.\u003c/p\u003e","position":7,"shopLink":"/product-category/makeup-products","products":[{"id":1065,"tier_prices":[],"avg_rating_percent":"99","categories":[2,5,56,31,25],"hide_in_front":0,"image":"/b/e/beetroot-lipbalm_white_bg.jpg","is_in_stock":true,"name":"Beetroot Tinted 100% Natural Lip Balm with Beetroot and Beeswax for Soft \u0026 Supple Lips - 2 g","position":"11","price":"299.00","product_card_tags":"Gives 12-Hour Moisturization | Lends a Natural Pink Tint","review_count":"56","sku":"8904417310030","special_price":"","special_price_from_date":{"date":"2024-05-10 13:09:00.000000","timezone_type":3,"timezone":"Asia/Kolkata"},"tags":"Buy3@899","url_key":"beetroot-tinted-100-natural-lip-balm-with-beetroot-and-beeswax-for-soft-supple-lips-2-g","imageAltTags":[null,null,null,null,null,null],"size":null,"unitPrice":null,"old_productid":"1063"},{"id":1200,"tier_prices":[],"avg_rating_percent":"100","categories":[2,5,45,125,201,262,345,360,261,25],"hide_in_front":0,"image":"/c/r/cranberry_crush_swatch_copy.jpg","imageAltTags":[null,null,null,null,null,null,null,null,null],"is_in_stock":true,"name":"Creamy Matte Long Stay Lipstick with Murumuru Butter and Vitamin E  - 4.2g | Cranberry Crush","position":"0","price":"399.00","product_card_tags":"8-Hour Long Stay | Flakeproof \u0026 Non-Drying | Intense Color Payoff ","review_count":"24","sku":"8904417312522","special_price":"","special_price_from_date":{"date":"2024-05-10 13:09:00.000000","timezone_type":3,"timezone":"Asia/Kolkata"},"tags":"Buy3@899","url_key":"creamy-matte-long-stay-lipstick-4-2g-cranberry-crush","size":null,"unitPrice":null,"old_productid":"1199"},{"id":470,"tier_prices":[],"avg_rating_percent":"95","categories":[2,125,201,262,283,121,115,110,102,21,311,261,25],"hide_in_front":0,"image":"/1/_/1_white_bg_74.jpg","is_in_stock":true,"name":"Moisture Matte Long Stay Lipstick - 2g | Carnation Nude","position":"0","price":"499.00","product_card_tags":"12-Hour Stay | 8-Hour Moisture Lock | Smudge-Proof","review_count":"82","sku":"8906087777779","special_price":"","special_price_from_date":{"date":"2023-10-26 17:00:00.000000","timezone_type":3,"timezone":"Asia/Kolkata"},"tags":"Buy3@899","url_key":"moisture-matte-long-stay-lipsticks-2-g-carnation-nude","imageAltTags":[null,null,null,null,null,null,null,null,null,null,null,null],"size":null,"unitPrice":null,"old_productid":"657"},{"id":691,"tier_prices":[],"avg_rating_percent":"85","categories":[2,21,56,125,283,45,25],"hide_in_front":0,"image":"/1/_/1_white_bg_26.jpg","is_in_stock":true,"name":"Nourishing 100% Natural Lip Balm with Vitamin E and Shea Butter for Soft \u0026 Supple Lips - 4 g","position":"0","price":"149.00","product_card_tags":"Intensely Nourishes Lips | 100% Natural","review_count":"39","sku":"8904417303322","special_price":"","special_price_from_date":{"date":"2024-05-10 13:09:00.000000","timezone_type":3,"timezone":"Asia/Kolkata"},"tags":"BUY3@899","url_key":"nourishing-100-natural-lip-balm-with-vitamin-e-and-shea-butter-for-soft-supple-lips-4-g","imageAltTags":[null,null,null,null,null,null,null,null],"size":null,"unitPrice":null,"old_productid":"807"},{"id":1382,"tier_prices":[],"avg_rating_percent":null,"categories":[2,5,45,125,201,262,339,25],"hide_in_front":0,"image":"/1/_/1_54.jpg","imageAltTags":[null,null,null,null,null,null,null,null,null,null,null],"is_in_stock":true,"name":"Moisture Matte Longstay Mini Lipstick- 0.7 g | Cinnamon Nude","position":"50","price":"349.00","product_card_tags":"12-Hour Stay | 8-Hour Moisture Lock | Smudge-Proof","review_count":null,"sku":"8904417316148","special_price":"","tags":"new launch","url_key":"moisture-matte-longstay-mini-lipstick-0-7-g-cinnamon-nude","size":null,"unitPrice":null,"old_productid":"1381"},{"id":1380,"tier_prices":[],"avg_rating_percent":null,"categories":[2,5,45,125,201,262,339,25],"hide_in_front":0,"image":"/1/_/1_52.jpg","imageAltTags":[null,null,null,null,null,null,null,null,null,null,null],"is_in_stock":true,"name":"Moisture Matte Longstay Mini Lipstick- 0.7 g | Plum Punch","position":"50","price":"349.00","product_card_tags":"12-Hour Stay | 8-Hour Moisture Lock | Smudge-Proof","review_count":null,"sku":"8904417316162","special_price":"","tags":"new launch","url_key":"moisture-matte-longstay-mini-lipstick-0-7-g-plum-punch","size":null,"unitPrice":null,"old_productid":"1379"}]},{"categId":97,"title":"New Launches","description":"\u003cp\u003eExplore the goodness of nature from Mamaearth. Take a look at our newly launched toxin-free and natural products for hair, skin, and babies\u003c/p\u003e","position":8,"shopLink":"/product-category/new-launches","products":[{"id":1296,"tier_prices":[],"avg_rating_percent":"92","categories":[2,5,27,30,39,45,158,161,162,164,359,362,163,295,160,97],"hide_in_front":0,"image":"/1/_/1_36.jpg","imageAltTags":[null,null,null,null,null,null,null,null,null,null],"is_in_stock":true,"name":"Mamaearth Kerala Thaali Shampoo with the Power of 12 Herbs for Thick \u0026 Long Hair - 250 ml","position":"1","price":"349.00","product_card_tags":"Gently Cleanses | Goodness of 12 Herbs | Kerala’s Generational Expertise | 100% Natural Herbs","review_count":"35","sku":"8904417315127","special_price":"","special_price_from_date":{"date":"2024-07-04 17:04:00.000000","timezone_type":3,"timezone":"Asia/Kolkata"},"tags":"BUY3@899","url_key":"kerala-thaali-shampoo-with-the-power-of-12-herbs","size":null,"unitPrice":null,"old_productid":"1295"},{"id":1294,"tier_prices":[],"avg_rating_percent":"93","categories":[2,5,27,30,32,45,167,168,170,343,359,362,169,97],"hide_in_front":0,"image":"/1/_/1_34.jpg","imageAltTags":[null,null,null,null,null,null,null,null,null,null],"is_in_stock":true,"name":"Kerala Thaali Cleansing Hair Mask with Power of 12 Herbs for Thick \u0026 Long Hair - 200 g","position":"4","price":"299.00","product_card_tags":"100% Natural Herbs | Gently Cleanses | Ready-To-Use | Kerala’s Timeless Expertise","review_count":"32","sku":"8904417313963","special_price":"","tags":"BUY3@899","url_key":"kerala-thaali-cleansing-hair-mask-with-power-of-12-herbs-for-thick-long-hair-200-g","size":null,"unitPrice":null,"old_productid":"1293"},{"id":1316,"tier_prices":[],"avg_rating_percent":"91","categories":[2,5,24,45,77,219,342,97],"hide_in_front":0,"image":"/1/_/1_43.jpg","imageAltTags":[null,null,null,null,null,null,null,null,null,null],"is_in_stock":true,"name":"Rice Water Dewy Face Toner with 96% Pure Rice Water Extract \u0026 4% Niacinamide for Glass Skin - 150 ml","position":"0","price":"429.00","product_card_tags":"Gives Dewy Glass-Like Glow | Intensely Hydrates | Minimizes Pores | Evens Out Skin Tone","review_count":"32","sku":"8904417315929","special_price":"","tags":"BUY3@899","url_key":"rice-water-dewy-face-toner-with-96-pure-rice-water-extract-4-niacinamide-for-glass-skin-150-ml","size":null,"unitPrice":null,"old_productid":"1315"},{"id":1236,"tier_prices":[],"avg_rating_percent":"94","categories":[2,5,45,128,143,144,145,219,342,74,97],"hide_in_front":0,"image":"/w/i/with-ingredients_4.jpg","imageAltTags":[null,null,null,null,null,null,null,null,null],"is_in_stock":true,"name":"Rice Water Dewy Active Serum With Rice Water \u0026 10% Niacinamide For Glass Skin - 50 ml","position":"0","price":"499.00","product_card_tags":"Gives Glass Skin Glow | Evens Skin Tone | Reduces Dark Spots","review_count":"41","sku":"8904417314267","special_price":"","special_price_from_date":{"date":"2024-05-10 16:29:00.000000","timezone_type":3,"timezone":"Asia/Kolkata"},"tags":"Buy3@899","url_key":"rice-water-dewy-active-serum-50-ml","size":null,"unitPrice":null,"old_productid":"1235"},{"id":1346,"tier_prices":[],"avg_rating_percent":"90","categories":[2,5,34,45,77,146,147,219,150,149,97],"hide_in_front":0,"image":"/1/_/1_45.jpg","imageAltTags":[null,null,null,null,null,null,null,null,null],"is_in_stock":true,"name":"Mamaearth Rice Water Tone Up Face Cream with Rice Water \u0026 Niacinamide for Glass Skin - 50 g","position":"4","price":"399.00","product_card_tags":"Instantly Brightens Skin | Evens Out Skin Tone | Gives Glass-Skin Glow","review_count":"23","sku":"8904417315684","special_price":"","tags":"BUY3@899","url_key":"mamaearth-rice-water-tone-up-face-cream-with-rice-water-niacinamide-for-glass-skin-50-g","size":null,"unitPrice":null,"old_productid":"1345"},{"id":1374,"tier_prices":[],"avg_rating_percent":"86","categories":[2,6,8,9,10,11,45,46,97],"hide_in_front":0,"image":"/p/r/product_with_ingrident.jpg","imageAltTags":[null,null,null,null,null,null,null,null,null],"is_in_stock":true,"name":"Mamaearth Baby 99% Pure Water Gentle Towel Wipes - 72 pcs","position":"50","price":"299.00","product_card_tags":"Crafted With 99% Pure Water | Made Safe Approved | 4-In-1 Benefits - Cleanses, Moisturizes, Soothes \u0026 Hydrates Skin","review_count":"32","sku":"8904417316414","special_price":"","tags":"BUY3@899","url_key":"mamaearth-baby-99-pure-water-gentle-towel-wipes-72-pcs","size":null,"unitPrice":null,"old_productid":"1367"}]},{"categId":15,"title":"Baby Care","description":"\u003cp\u003eYour little bundle of joy deserves nothing but the best. Explore MadeSafe Certified, natural, 100% toxin-free \u0026amp; gentle baby care products by Mamaearth. Give your little one the care they deserve!\u003c/p\u003e","position":9,"shopLink":"/product-category/for-babies","products":[{"id":35,"tier_prices":[],"avg_rating_percent":"96","categories":[2,5,43,6,8,9,11,190,109,341,15],"hide_in_front":0,"image":"/_/m/_milky_soft_face_cream_.jpg","is_in_stock":true,"name":"Milky Soft Face Cream With Murumuru Butter for Babies, 60g","position":"0","price":"199.00","product_card_tags":"Moisturizes | Soothes | Heals Chapped Skin","review_count":"351","sku":"8906087770534","special_price":"","special_price_from_date":{"date":"2024-05-10 16:29:00.000000","timezone_type":3,"timezone":"Asia/Kolkata"},"tags":"Buy3@899","url_key":"baby-face-cream","imageAltTags":["baby cream","baby cream benefits","baby cream for face ingredients","How to use baby cream for face","baby cream for face milky soft range","baby cream for face toxin free","baby whitening cream"],"size":null,"unitPrice":null,"old_productid":"12252"},{"id":964,"tier_prices":[],"avg_rating_percent":"100","categories":[2,6,17,186,109,11,15],"hide_in_front":0,"image":"/3/_/3_14.jpg","is_in_stock":true,"name":"Milky Soft Head to Toe Wash With Oats, Milk, and Calendula  for Babies- 400ml","position":"0","price":"429.00","product_card_tags":"2-in-1 Tear-Free Body Wash \u0026 Shampoo | Moisturizes and Soothes Skin ","review_count":"60","sku":"8904417308129","special_price":"","special_price_from_date":{"date":"2024-05-10 16:29:00.000000","timezone_type":3,"timezone":"Asia/Kolkata"},"tags":"Buy3@899","url_key":"top-to-toe-wash-for-babies","imageAltTags":["Milky Soft Top to Toe Wash","Mamaearth milky soft head to toe wash benefits","Mamaearth milky soft head to toe wash ingredients","Mamaearth milky soft head to toe wash uses","Mamaearth milky soft head to toe Body Wash","top to Toe Wash for babies","mamaearth top to Toe Wash for babies","Milky Soft body wash"],"size":null,"unitPrice":null,"old_productid":"982"},{"id":46,"tier_prices":[],"avg_rating_percent":"100","categories":[2,4,5,6,8,12,64,15],"hide_in_front":0,"image":"/u/n/unnamed-3_yuripcqhaihclrv2.jpg","is_in_stock":true,"name":"Natural Mosquito Repellent Patches, 24pcs","position":"0","price":"249.00","product_card_tags":"Waterproof | Family Safe | Strong Adhesive","review_count":"39","sku":"8906087770640","special_price":"","special_price_from_date":{"date":"2024-05-10 16:29:00.000000","timezone_type":3,"timezone":"Asia/Kolkata"},"tags":null,"url_key":"mosquito-repellent-patches","imageAltTags":["mamaearth mosquito repellent gel","mosquito patch for baby","mosquito repellent patch","mosquito patches for babies","mosquito stickers for babies","mosquito patches for kids"],"size":null,"unitPrice":null,"old_productid":"24326"},{"id":377,"tier_prices":[],"avg_rating_percent":"97","categories":[2,6,16,86,31,5,109,254,15],"hide_in_front":0,"image":"/_/m/_milky-soft-body-lotion__1.jpg","is_in_stock":true,"name":"Milky Soft Body Lotion for Babies with Oats, Milk and Calendula - 400ml","position":"1","price":"499.00","product_card_tags":"Deeply Nourishes Skin | 24-Hour Moisturization","review_count":"114","sku":"8906087776123","special_price":"","special_price_from_date":{"date":"2024-05-10 16:29:00.000000","timezone_type":3,"timezone":"Asia/Kolkata"},"tags":"Buy3@899","url_key":"milky-soft-body-lotion-for-babies-with-oats-milk-calendula-400ml","imageAltTags":[null,null,null,null,null,"baby products",null,null],"size":null,"unitPrice":null,"old_productid":"460"}]}],"carouselCategoryList":[{"_id":"63dcffb904fb410012c82d89","path":"/product-category/best-seller","title":"BestSellers","imgMob":"https://images.mamaearth.in/category-circles/bestseller.png?format=auto"},{"_id":"63dcffb904fb410012c82d8a","path":"/product-category/skin","title":"Face","imgMob":"https://images.mamaearth.in/category-circles/face.png?format=auto"},{"_id":"63dcffb904fb410012c82d8b","path":"/product-category/hair","title":"Hair","imgMob":"https://images.mamaearth.in/category-circles/hair.png?format=auto"},{"_id":"63dcffb904fb410012c82d8c","path":"/product-category/body","title":"Body","imgMob":"https://images.mamaearth.in/category-circles/body.png?format=auto"},{"_id":"63dcffb904fb410012c82d8d","path":"/product-category/makeup-products","title":"Makeup","imgMob":"https://images.mamaearth.in/category-circles/colorcare.png?format=auto"},{"_id":"63dcffb904fb410012c82d8e","path":"/product-category/for-babies","title":"Baby","imgMob":"https://images.mamaearth.in/category-circles/baby.png?format=auto"},{"_id":"63dcffb904fb410012c82d88","path":"/product-category/new-launches","title":"New Launch","imgMob":"https://images.mamaearth.in/category-circles/new-launch.png?format=auto"},{"_id":"63dcffb904fb410012c82d8f","path":"/product-category/lightning-sale","title":"Lightning Sale","imgMob":"https://images.mamaearth.in/category-circles/lightning-sale.png?format=auto"}]}},"page":"/","query":{"utm_source":"pp","utm_medium":"BFI","utm_campaign":"CPS"},"buildId":"LmBuwupWRFerUDJgoBTl-","assetPrefix":"https://assets.mamaearth.in","runtimeConfig":{"CLOUDFLARE_URL":"assets.mamaearth.in","NODE_ENV":"production"},"isFallback":false,"dynamicIds":[84074],"gssp":true,"appGip":true,"scriptLoader":[{"strategy":"afterInteractive","children":"(function(i,s,o,g,r,a,m,n){i.moengage_object=r;t={};q=function(f){return function(){(i.moengage_q=i.moengage_q||[]).push({f:f,a:arguments})}};f=['track_event','add_user_attribute','add_first_name','add_last_name','add_email','add_mobile','add_user_name','add_gender','add_birthday','destroy_session','add_unique_user_id','moe_events','call_web_push','track','location_type_attribute'],h={onsite:[\"getData\",\"registerCallback\"]};for(k in f){t[f[k]]=q(f[k])}for(k in h)for(l in h[k]){null==t[k]\u0026\u0026(t[k]={}),t[k][h[k][l]]=q(k+\".\"+h[k][l])}a=s.createElement(o);m=s.getElementsByTagName(o)[0];a.defer=true;a.src=g;m.parentNode.insertBefore(a,m);i.moe=i.moe||function(){n=arguments[0];return t};a.onload=function(){if(n){i[r]=moe(n)}}})(window,document,'script','https://cdn.moengage.com/webpush/moe_webSdk.min.latest.js','Moengage')\n            Moengage = moe({\n              app_id:\"V6PYOQ84KPHYZ17AB2BU3HFI\",\n              debug_logs: 0,\n              swPath: \"/service-worker.js\"\n            });"},{"strategy":"afterInteractive","children":"window.innerWidth \u003e=768 \u0026\u0026 (function(){var tag=document.createElement(\"script\");tag.src=\"https://static.zdassets.com/ekr/snippet.js?key=3960ba61-e591-4d15-8efa-f852da1d3f05\";tag.id=\"ze-snippet\";document.body.appendChild(tag);})();"}]}</script></body></html>